Time,Bid,Ask,Last,Volume,Type
2023.04.24 13:46:02.843,44.02,44.03,44.03,100.00,Buy
2023.04.24 13:46:02.843,44.02,44.03,44.03,100.00,Buy
2023.04.24 13:46:04.876,44.01,44.02,44.02,100.00,Buy
2023.04.24 13:46:04.876,44.01,44.02,44.02,100.00,Buy
2023.04.24 13:46:04.876,44.01,44.02,44.02,100.00,Buy
2023.04.24 13:46:04.876,44.01,44.02,44.02,100.00,Buy
2023.04.24 13:46:04.876,44.01,44.02,44.02,100.00,Buy
2023.04.24 13:46:10.459,44.01,44.02,44.01,100.00,Sell
2023.04.24 13:46:14.398,44.01,44.02,44.01,300.00,Sell
2023.04.24 13:46:14.398,44.01,44.02,44.01,100.00,Sell
2023.04.24 13:46:14.674,44.01,44.02,44.02,101.00,Buy
2023.04.24 13:46:14.689,44.01,44.02,44.02,100.00,Buy
2023.04.24 13:46:14.689,44.01,44.02,44.02,100.00,Buy
2023.04.24 13:46:14.689,44.01,44.02,44.02,100.00,Buy
2023.04.24 13:46:14.689,44.01,44.02,44.02,100.00,Buy
2023.04.24 13:46:14.689,44.01,44.02,44.02,100.00,Buy
2023.04.24 13:46:14.689,44.01,44.02,44.02,100.00,Buy
2023.04.24 13:46:14.689,44.01,44.02,44.02,100.00,Buy
2023.04.24 13:46:14.689,44.01,44.02,44.02,100.00,Buy
2023.04.24 13:46:14.689,44.01,44.02,44.02,300.00,Buy
2023.04.24 13:46:14.689,44.01,44.02,44.02,100.00,Buy
2023.04.24 13:46:14.689,44.01,44.02,44.02,100.00,Buy
2023.04.24 13:46:14.689,44.01,44.02,44.02,100.00,Buy
2023.04.24 13:46:16.464,44.01,44.02,44.01,100.00,Sell
2023.04.24 13:46:27.802,44.00,44.01,44.01,106.00,Buy
2023.04.24 13:46:28.816,44.00,44.01,44.00,100.00,Sell
2023.04.24 13:46:32.481,44.00,44.01,44.00,100.00,Sell
2023.04.24 13:46:34.266,44.00,44.01,44.00,200.00,Sell
2023.04.24 13:46:34.395,44.00,44.01,44.00,100.00,Sell
2023.04.24 13:46:36.983,44.00,44.01,44.00,100.00,Sell
2023.04.24 13:46:38.932,43.99,44.00,44.00,100.00,Buy
2023.04.24 13:46:40.514,43.98,43.99,43.99,108.00,Buy
2023.04.24 13:46:40.514,43.98,43.99,43.99,100.00,Buy
2023.04.24 13:46:40.514,43.98,43.99,43.99,100.00,Buy
2023.04.24 13:46:40.514,43.98,43.99,43.99,100.00,Buy
2023.04.24 13:46:40.514,43.98,43.99,43.98,100.00,Sell
2023.04.24 13:46:44.920,43.97,43.98,43.98,100.00,Buy
2023.04.24 13:46:50.125,43.97,43.98,43.98,100.00,Buy
2023.04.24 13:46:50.125,43.97,43.98,43.98,100.00,Buy
2023.04.24 13:46:50.125,43.97,43.98,43.98,200.00,Buy
2023.04.24 13:46:50.125,43.97,43.98,43.98,100.00,Buy
2023.04.24 13:46:54.054,43.97,43.98,43.97,100.00,Sell
2023.04.24 13:47:00.558,43.97,43.98,43.97,100.00,Sell
2023.04.24 13:47:01.886,43.95,43.96,43.97,100.00,Buy
2023.04.24 13:47:01.886,43.95,43.96,43.97,100.00,Buy
2023.04.24 13:47:02.778,43.95,43.96,43.96,100.00,Buy
2023.04.24 13:47:02.778,43.95,43.96,43.96,100.00,Buy
2023.04.24 13:47:02.778,43.95,43.96,43.96,100.00,Buy
2023.04.24 13:47:02.778,43.95,43.96,43.96,100.00,Buy
2023.04.24 13:47:04.068,43.95,43.96,43.96,100.00,Buy
2023.04.24 13:47:04.068,43.95,43.96,43.96,100.00,Buy
2023.04.24 13:47:05.835,43.94,43.95,43.95,100.00,Buy
2023.04.24 13:47:07.052,43.95,43.96,43.95,100.00,Sell
2023.04.24 13:47:07.052,43.95,43.96,43.95,100.00,Sell
2023.04.24 13:47:07.052,43.95,43.96,43.95,100.00,Sell
2023.04.24 13:47:07.673,43.95,43.96,43.96,100.00,Buy
2023.04.24 13:47:14.822,43.96,43.97,43.96,100.00,Sell
2023.04.24 13:47:14.822,43.96,43.97,43.96,100.00,Sell
2023.04.24 13:47:14.822,43.96,43.97,43.96,100.00,Sell
2023.04.24 13:47:14.822,43.96,43.97,43.96,100.00,Sell
2023.04.24 13:47:14.822,43.96,43.97,43.96,100.00,Sell
2023.04.24 13:47:21.986,43.96,43.97,43.96,100.00,Sell
2023.04.24 13:47:21.986,43.96,43.97,43.96,100.00,Sell
2023.04.24 13:47:21.986,43.96,43.97,43.96,100.00,Sell
2023.04.24 13:47:21.986,43.96,43.97,43.96,100.00,Sell
2023.04.24 13:47:22.286,43.96,43.97,43.97,100.00,Buy
2023.04.24 13:47:22.286,43.96,43.97,43.97,100.00,Buy
2023.04.24 13:47:23.239,43.96,43.97,43.96,100.00,Sell
2023.04.24 13:47:23.239,43.96,43.97,43.96,100.00,Sell
2023.04.24 13:47:23.239,43.96,43.97,43.96,100.00,Sell
2023.04.24 13:47:23.239,43.96,43.97,43.96,100.00,Sell
2023.04.24 13:47:23.239,43.96,43.97,43.96,100.00,Sell
2023.04.24 13:47:29.386,43.95,43.96,43.96,100.00,Buy
2023.04.24 13:47:29.643,43.95,43.96,43.95,100.00,Sell
2023.04.24 13:47:30.811,43.96,43.97,43.96,300.00,Sell
2023.04.24 13:47:31.055,43.95,43.96,43.96,100.00,Buy
2023.04.24 13:47:31.055,43.95,43.96,43.96,100.00,Buy
2023.04.24 13:47:35.534,43.95,43.96,43.96,100.00,Buy
2023.04.24 13:47:37.640,43.95,43.96,43.95,200.00,Sell
2023.04.24 13:47:38.629,43.95,43.96,43.95,100.00,Sell
2023.04.24 13:47:41.485,43.94,43.95,43.95,100.00,Buy
2023.04.24 13:47:43.793,43.95,43.96,43.95,100.00,Sell
2023.04.24 13:47:45.530,43.95,43.96,43.96,100.00,Buy
2023.04.24 13:47:53.623,43.95,43.96,43.96,100.00,Buy
2023.04.24 13:47:58.225,43.95,43.96,43.96,100.00,Buy
2023.04.24 13:48:12.262,43.96,43.97,43.96,100.00,Sell
2023.04.24 13:48:12.262,43.96,43.97,43.96,300.00,Sell
2023.04.24 13:48:23.750,43.96,43.97,43.96,100.00,Sell
2023.04.24 13:48:23.780,43.96,43.97,43.96,100.00,Sell
2023.04.24 13:48:23.780,43.96,43.97,43.96,100.00,Sell
2023.04.24 13:48:23.780,43.96,43.97,43.96,100.00,Sell
2023.04.24 13:48:24.493,43.95,43.96,43.95,100.00,Sell
2023.04.24 13:48:27.743,43.94,43.95,43.94,100.00,Sell
2023.04.24 13:48:31.918,43.94,43.95,43.94,100.00,Sell
2023.04.24 13:48:32.018,43.94,43.95,43.94,100.00,Sell
2023.04.24 13:48:32.188,43.94,43.95,43.94,100.00,Sell
2023.04.24 13:48:33.155,43.94,43.95,43.94,100.00,Sell
2023.04.24 13:48:36.601,43.93,43.94,43.94,100.00,Buy
2023.04.24 13:48:36.601,43.93,43.94,43.94,100.00,Buy
2023.04.24 13:48:38.718,43.91,43.92,43.93,100.00,Buy
2023.04.24 13:48:39.229,43.92,43.92,43.92,100.00,Buy
2023.04.24 13:48:42.141,43.93,43.94,43.93,400.00,Sell
2023.04.24 13:48:42.141,43.93,43.94,43.93,691.00,Sell
2023.04.24 13:48:42.154,43.93,43.94,43.93,100.00,Sell
2023.04.24 13:48:42.494,43.93,43.94,43.93,100.00,Sell
2023.04.24 13:48:42.494,43.93,43.94,43.93,100.00,Sell
2023.04.24 13:48:46.022,43.93,43.94,43.93,100.00,Sell
2023.04.24 13:48:50.967,43.93,43.94,43.93,100.00,Sell
2023.04.24 13:48:51.831,43.93,43.94,43.93,100.00,Sell
2023.04.24 13:48:52.562,43.93,43.94,43.93,100.00,Sell
2023.04.24 13:48:54.074,43.93,43.94,43.93,100.00,Sell
2023.04.24 13:48:54.276,43.92,43.93,43.93,100.00,Buy
2023.04.24 13:48:54.276,43.92,43.93,43.93,100.00,Buy
2023.04.24 13:48:54.276,43.92,43.93,43.92,100.00,Sell
2023.04.24 13:48:55.970,43.92,43.93,43.92,100.00,Sell
2023.04.24 13:48:56.277,43.92,43.93,43.93,300.00,Buy
2023.04.24 13:48:56.277,43.92,43.93,43.93,100.00,Buy
2023.04.24 13:48:56.277,43.92,43.93,43.93,275.00,Buy
2023.04.24 13:48:56.277,43.92,43.93,43.93,137.00,Buy
2023.04.24 13:48:56.277,43.92,43.93,43.93,100.00,Buy
2023.04.24 13:48:56.277,43.92,43.93,43.93,100.00,Buy
2023.04.24 13:48:56.277,43.92,43.93,43.93,100.00,Buy
2023.04.24 13:48:56.277,43.92,43.93,43.93,100.00,Buy
2023.04.24 13:48:56.277,43.92,43.93,43.93,100.00,Buy
2023.04.24 13:48:56.277,43.92,43.93,43.93,100.00,Buy
2023.04.24 13:48:56.277,43.92,43.93,43.93,100.00,Buy
2023.04.24 13:48:56.277,43.92,43.93,43.93,100.00,Buy
2023.04.24 13:48:56.277,43.92,43.93,43.93,100.00,Buy
2023.04.24 13:48:56.277,43.92,43.93,43.93,100.00,Buy
2023.04.24 13:48:56.277,43.92,43.93,43.93,100.00,Buy
2023.04.24 13:48:56.277,43.92,43.93,43.93,100.00,Buy
2023.04.24 13:48:56.277,43.92,43.93,43.93,100.00,Buy
2023.04.24 13:48:56.277,43.92,43.93,43.93,100.00,Buy
2023.04.24 13:48:56.277,43.92,43.93,43.92,100.00,Sell
2023.04.24 13:48:56.277,43.92,43.93,43.92,100.00,Sell
2023.04.24 13:48:56.277,43.92,43.93,43.92,100.00,Sell
2023.04.24 13:48:56.325,43.92,43.93,43.93,100.00,Buy
2023.04.24 13:48:56.350,43.92,43.93,43.92,100.00,Sell
2023.04.24 13:48:56.350,43.92,43.93,43.93,100.00,Buy
2023.04.24 13:48:56.350,43.92,43.93,43.93,900.00,Buy
2023.04.24 13:48:56.350,43.92,43.93,43.93,100.00,Buy
2023.04.24 13:48:56.350,43.92,43.93,43.93,100.00,Buy
2023.04.24 13:48:56.350,43.92,43.93,43.92,100.00,Sell
2023.04.24 13:48:56.350,43.92,43.93,43.93,200.00,Buy
2023.04.24 13:48:56.350,43.92,43.93,43.93,100.00,Buy
2023.04.24 13:48:56.350,43.92,43.93,43.92,100.00,Sell
2023.04.24 13:48:56.350,43.92,43.93,43.92,100.00,Sell
2023.04.24 13:48:56.402,43.93,43.94,43.93,100.00,Sell
2023.04.24 13:48:56.829,43.93,43.94,43.93,100.00,Sell
2023.04.24 13:48:56.829,43.93,43.94,43.93,100.00,Sell
2023.04.24 13:48:56.839,43.93,43.94,43.93,100.00,Sell
2023.04.24 13:48:57.111,43.93,43.94,43.93,100.00,Sell
2023.04.24 13:48:57.111,43.93,43.94,43.93,100.00,Sell
2023.04.24 13:48:57.118,43.93,43.94,43.93,200.00,Sell
2023.04.24 13:48:57.202,43.93,43.94,43.93,115.00,Sell
2023.04.24 13:48:57.481,43.93,43.94,43.93,100.00,Sell
2023.04.24 13:48:57.484,43.93,43.94,43.93,100.00,Sell
2023.04.24 13:49:00.818,43.93,43.94,43.93,100.00,Sell
2023.04.24 13:49:02.034,43.93,43.94,43.93,100.00,Sell
2023.04.24 13:49:02.608,43.92,43.93,43.93,200.00,Buy
2023.04.24 13:49:02.608,43.92,43.93,43.93,100.00,Buy
2023.04.24 13:49:02.608,43.92,43.93,43.93,100.00,Buy
2023.04.24 13:49:02.608,43.92,43.93,43.93,100.00,Buy
2023.04.24 13:49:02.608,43.92,43.93,43.93,100.00,Buy
2023.04.24 13:49:02.608,43.92,43.93,43.93,100.00,Buy
2023.04.24 13:49:02.608,43.92,43.93,43.93,100.00,Buy
2023.04.24 13:49:02.608,43.92,43.93,43.93,100.00,Buy
2023.04.24 13:49:02.608,43.92,43.93,43.93,100.00,Buy
2023.04.24 13:49:02.608,43.92,43.93,43.93,100.00,Buy
2023.04.24 13:49:02.608,43.92,43.93,43.93,123.00,Buy
2023.04.24 13:49:02.608,43.92,43.93,43.92,100.00,Sell
2023.04.24 13:49:02.608,43.92,43.93,43.92,100.00,Sell
2023.04.24 13:49:02.608,43.92,43.93,43.92,200.00,Sell
2023.04.24 13:49:02.623,43.92,43.93,43.92,200.00,Sell
2023.04.24 13:49:02.623,43.92,43.93,43.92,195.00,Sell
2023.04.24 13:49:04.049,43.92,43.93,43.92,100.00,Sell
2023.04.24 13:49:04.318,43.92,43.93,43.92,200.00,Sell
2023.04.24 13:49:04.532,43.92,43.93,43.92,100.00,Sell
2023.04.24 13:49:04.544,43.92,43.93,43.92,100.00,Sell
2023.04.24 13:49:04.544,43.92,43.93,43.92,100.00,Sell
2023.04.24 13:49:04.573,43.92,43.93,43.92,300.00,Sell
2023.04.24 13:49:04.987,43.92,43.93,43.92,100.00,Sell
2023.04.24 13:49:05.277,43.92,43.93,43.93,100.00,Buy
2023.04.24 13:49:05.277,43.92,43.93,43.93,100.00,Buy
2023.04.24 13:49:05.277,43.92,43.93,43.93,100.00,Buy
2023.04.24 13:49:05.277,43.92,43.93,43.93,100.00,Buy
2023.04.24 13:49:05.277,43.92,43.93,43.93,100.00,Buy
2023.04.24 13:49:05.277,43.92,43.93,43.93,100.00,Buy
2023.04.24 13:49:05.277,43.92,43.93,43.93,100.00,Buy
2023.04.24 13:49:05.277,43.92,43.93,43.92,100.00,Sell
2023.04.24 13:49:05.277,43.92,43.93,43.92,100.00,Sell
2023.04.24 13:49:05.277,43.92,43.93,43.93,100.00,Buy
2023.04.24 13:49:05.277,43.92,43.93,43.92,100.00,Sell
2023.04.24 13:49:05.277,43.92,43.93,43.93,100.00,Buy
2023.04.24 13:49:05.277,43.92,43.93,43.93,100.00,Buy
2023.04.24 13:49:05.280,43.92,43.93,43.93,300.00,Buy
2023.04.24 13:49:05.280,43.92,43.93,43.93,100.00,Buy
2023.04.24 13:49:05.280,43.92,43.93,43.92,100.00,Sell
2023.04.24 13:49:05.280,43.92,43.93,43.92,100.00,Sell
2023.04.24 13:49:05.550,43.92,43.93,43.92,100.00,Sell
2023.04.24 13:49:06.164,43.92,43.93,43.92,100.00,Sell
2023.04.24 13:49:07.010,43.93,43.94,43.93,103.00,Sell
2023.04.24 13:49:07.010,43.93,43.94,43.93,100.00,Sell
2023.04.24 13:49:07.010,43.93,43.94,43.93,100.00,Sell
2023.04.24 13:49:07.010,43.93,43.94,43.93,100.00,Sell
2023.04.24 13:49:07.010,43.93,43.94,43.93,100.00,Sell
2023.04.24 13:49:07.010,43.93,43.94,43.93,100.00,Sell
2023.04.24 13:49:07.010,43.93,43.94,43.93,100.00,Sell
2023.04.24 13:49:07.010,43.93,43.94,43.93,100.00,Sell
2023.04.24 13:49:07.010,43.93,43.94,43.93,100.00,Sell
2023.04.24 13:49:07.010,43.93,43.94,43.93,100.00,Sell
2023.04.24 13:49:07.010,43.93,43.94,43.92,100.00,Sell
2023.04.24 13:49:07.010,43.93,43.94,43.94,200.00,Buy
2023.04.24 13:49:07.010,43.93,43.94,43.93,100.00,Sell
2023.04.24 13:49:07.010,43.93,43.94,43.93,700.00,Sell
2023.04.24 13:49:07.010,43.93,43.94,43.93,100.00,Sell
2023.04.24 13:49:07.010,43.93,43.94,43.93,100.00,Sell
2023.04.24 13:49:07.010,43.93,43.94,43.93,100.00,Sell
2023.04.24 13:49:07.010,43.93,43.94,43.93,100.00,Sell
2023.04.24 13:49:07.010,43.93,43.94,43.92,100.00,Sell
2023.04.24 13:49:07.010,43.93,43.94,43.92,100.00,Sell
2023.04.24 13:49:07.010,43.93,43.94,43.93,100.00,Sell
2023.04.24 13:49:07.010,43.93,43.94,43.92,100.00,Sell
2023.04.24 13:49:07.010,43.93,43.94,43.93,105.00,Sell
2023.04.24 13:49:07.010,43.93,43.94,43.93,100.00,Sell
2023.04.24 13:49:07.010,43.93,43.94,43.93,100.00,Sell
2023.04.24 13:49:07.010,43.93,43.94,43.93,100.00,Sell
2023.04.24 13:49:07.010,43.93,43.94,43.93,100.00,Sell
2023.04.24 13:49:07.010,43.93,43.94,43.93,100.00,Sell
2023.04.24 13:49:07.010,43.93,43.94,43.93,100.00,Sell
2023.04.24 13:49:07.010,43.93,43.94,43.93,100.00,Sell
2023.04.24 13:49:07.010,43.93,43.94,43.93,100.00,Sell
2023.04.24 13:49:07.010,43.93,43.94,43.92,300.00,Sell
2023.04.24 13:49:07.010,43.93,43.94,43.92,100.00,Sell
2023.04.24 13:49:07.023,43.93,43.94,43.93,100.00,Sell
2023.04.24 13:49:07.023,43.93,43.94,43.93,100.00,Sell
2023.04.24 13:49:07.030,43.92,43.93,43.93,100.00,Buy
2023.04.24 13:49:07.030,43.92,43.93,43.93,100.00,Buy
2023.04.24 13:49:07.030,43.92,43.93,43.93,100.00,Buy
2023.04.24 13:49:07.030,43.92,43.93,43.93,100.00,Buy
2023.04.24 13:49:07.036,43.92,43.93,43.93,100.00,Buy
2023.04.24 13:49:07.036,43.92,43.93,43.93,100.00,Buy
2023.04.24 13:49:07.036,43.92,43.93,43.93,100.00,Buy
2023.04.24 13:49:07.044,43.92,43.93,43.92,100.00,Sell
2023.04.24 13:49:07.420,43.92,43.93,43.93,100.00,Buy
2023.04.24 13:49:07.421,43.92,43.93,43.93,100.00,Buy
2023.04.24 13:49:07.421,43.92,43.93,43.93,100.00,Buy
2023.04.24 13:49:07.421,43.92,43.93,43.92,100.00,Sell
2023.04.24 13:49:07.421,43.92,43.93,43.93,100.00,Buy
2023.04.24 13:49:07.540,43.92,43.93,43.92,100.00,Sell
2023.04.24 13:49:09.714,43.92,43.93,43.93,100.00,Buy
2023.04.24 13:49:09.731,43.92,43.93,43.93,100.00,Buy
2023.04.24 13:49:09.795,43.92,43.93,43.93,100.00,Buy
2023.04.24 13:49:09.795,43.92,43.93,43.93,100.00,Buy
2023.04.24 13:49:10.308,43.92,43.93,43.92,100.00,Sell
2023.04.24 13:49:10.777,43.91,43.92,43.92,100.00,Buy
2023.04.24 13:49:10.777,43.91,43.92,43.92,534.00,Buy
2023.04.24 13:49:10.777,43.91,43.92,43.92,100.00,Buy
2023.04.24 13:49:10.777,43.91,43.92,43.92,100.00,Buy
2023.04.24 13:49:10.777,43.91,43.92,43.92,100.00,Buy
2023.04.24 13:49:10.777,43.91,43.92,43.92,100.00,Buy
2023.04.24 13:49:10.777,43.91,43.92,43.92,100.00,Buy
2023.04.24 13:49:10.777,43.91,43.92,43.92,100.00,Buy
2023.04.24 13:49:10.781,43.91,43.92,43.92,100.00,Buy
2023.04.24 13:49:10.781,43.91,43.92,43.92,100.00,Buy
2023.04.24 13:49:10.781,43.91,43.92,43.92,100.00,Buy
2023.04.24 13:49:10.781,43.91,43.92,43.92,100.00,Buy
2023.04.24 13:49:10.781,43.91,43.92,43.92,100.00,Buy
2023.04.24 13:49:10.781,43.91,43.92,43.92,100.00,Buy
2023.04.24 13:49:12.574,43.91,43.92,43.91,173.00,Sell
2023.04.24 13:49:18.217,43.91,43.92,43.92,1000.00,Buy
2023.04.24 13:49:18.490,43.91,43.92,43.91,100.00,Sell
2023.04.24 13:49:18.515,43.91,43.92,43.91,100.00,Sell
2023.04.24 13:49:19.526,43.91,43.92,43.91,100.00,Sell
2023.04.24 13:49:19.526,43.91,43.92,43.91,100.00,Sell
2023.04.24 13:49:19.526,43.91,43.92,43.91,100.00,Sell
2023.04.24 13:49:19.526,43.91,43.92,43.91,100.00,Sell
2023.04.24 13:49:19.526,43.91,43.92,43.90,100.00,Sell
2023.04.24 13:49:19.526,43.91,43.92,43.90,100.00,Sell
2023.04.24 13:49:19.637,43.90,43.91,43.90,100.00,Sell
2023.04.24 13:49:23.911,43.90,43.91,43.91,100.00,Buy
2023.04.24 13:49:24.389,43.91,43.92,43.91,100.00,Sell
2023.04.24 13:49:24.389,43.91,43.92,43.90,600.00,Sell
2023.04.24 13:49:24.389,43.91,43.92,43.91,600.00,Sell
2023.04.24 13:49:24.389,43.91,43.92,43.91,259.00,Sell
2023.04.24 13:49:24.389,43.91,43.92,43.91,101.00,Sell
2023.04.24 13:49:24.389,43.91,43.92,43.91,100.00,Sell
2023.04.24 13:49:24.389,43.91,43.92,43.91,103.00,Sell
2023.04.24 13:49:24.389,43.91,43.92,43.91,254.00,Sell
2023.04.24 13:49:24.389,43.91,43.92,43.91,100.00,Sell
2023.04.24 13:49:24.389,43.91,43.92,43.91,103.00,Sell
2023.04.24 13:49:24.389,43.91,43.92,43.91,269.00,Sell
2023.04.24 13:49:24.389,43.91,43.92,43.91,400.00,Sell
2023.04.24 13:49:24.389,43.91,43.92,43.91,100.00,Sell
2023.04.24 13:49:24.394,43.91,43.92,43.91,200.00,Sell
2023.04.24 13:49:24.394,43.91,43.92,43.92,100.00,Buy
2023.04.24 13:49:24.394,43.91,43.92,43.90,100.00,Sell
2023.04.24 13:49:24.394,43.91,43.92,43.91,200.00,Sell
2023.04.24 13:49:28.430,43.91,43.92,43.91,100.00,Sell
2023.04.24 13:49:30.023,43.91,43.92,43.92,100.00,Buy
2023.04.24 13:49:30.078,43.91,43.92,43.92,200.00,Buy
2023.04.24 13:49:30.422,43.91,43.92,43.92,200.00,Buy
2023.04.24 13:49:30.422,43.91,43.92,43.91,100.00,Sell
2023.04.24 13:49:30.422,43.91,43.92,43.91,100.00,Sell
2023.04.24 13:49:30.422,43.91,43.92,43.91,100.00,Sell
2023.04.24 13:49:30.422,43.91,43.92,43.91,200.00,Sell
2023.04.24 13:49:30.422,43.91,43.92,43.91,300.00,Sell
2023.04.24 13:49:30.434,43.92,43.93,43.91,100.00,Sell
2023.04.24 13:49:33.934,43.94,43.95,43.93,100.00,Sell
2023.04.24 13:49:33.934,43.94,43.95,43.93,100.00,Sell
2023.04.24 13:49:33.934,43.94,43.95,43.93,156.00,Sell
2023.04.24 13:49:33.934,43.94,43.95,43.94,900.00,Sell
2023.04.24 13:49:33.934,43.94,43.95,43.94,100.00,Sell
2023.04.24 13:49:33.934,43.94,43.95,43.92,100.00,Sell
2023.04.24 13:49:33.934,43.94,43.95,43.93,100.00,Sell
2023.04.24 13:49:33.934,43.94,43.95,43.94,500.00,Sell
2023.04.24 13:49:33.934,43.94,43.95,43.92,100.00,Sell
2023.04.24 13:49:33.934,43.94,43.95,43.93,200.00,Sell
2023.04.24 13:49:33.934,43.94,43.95,43.94,100.00,Sell
2023.04.24 13:49:33.934,43.94,43.95,43.92,100.00,Sell
2023.04.24 13:49:33.934,43.94,43.95,43.92,100.00,Sell
2023.04.24 13:49:33.934,43.94,43.95,43.94,100.00,Sell
2023.04.24 13:49:33.934,43.94,43.95,43.94,100.00,Sell
2023.04.24 13:49:33.934,43.94,43.95,43.92,100.00,Sell
2023.04.24 13:49:33.934,43.94,43.95,43.94,100.00,Sell
2023.04.24 13:49:33.934,43.94,43.95,43.94,100.00,Sell
2023.04.24 13:49:33.934,43.94,43.95,43.94,100.00,Sell
2023.04.24 13:49:33.934,43.94,43.95,43.94,102.00,Sell
2023.04.24 13:49:33.934,43.94,43.95,43.94,121.00,Sell
2023.04.24 13:49:33.934,43.94,43.95,43.92,100.00,Sell
2023.04.24 13:49:33.934,43.94,43.95,43.94,100.00,Sell
2023.04.24 13:49:33.934,43.94,43.95,43.94,364.00,Sell
2023.04.24 13:49:33.934,43.94,43.95,43.93,300.00,Sell
2023.04.24 13:49:34.397,43.95,43.96,43.94,100.00,Sell
2023.04.24 13:49:34.803,43.95,43.96,43.95,100.00,Sell
2023.04.24 13:49:35.963,43.95,43.96,43.94,100.00,Sell
2023.04.24 13:49:37.243,43.95,43.96,43.95,100.00,Sell
2023.04.24 13:49:37.243,43.95,43.96,43.95,100.00,Sell
2023.04.24 13:49:50.556,43.95,43.96,43.96,100.00,Buy
2023.04.24 13:49:51.836,43.95,43.96,43.95,100.00,Sell
2023.04.24 13:49:51.836,43.95,43.96,43.95,198.00,Sell
2023.04.24 13:49:51.836,43.95,43.96,43.95,100.00,Sell
2023.04.24 13:49:51.836,43.95,43.96,43.95,100.00,Sell
2023.04.24 13:49:51.836,43.95,43.96,43.95,100.00,Sell
2023.04.24 13:49:51.836,43.95,43.96,43.95,100.00,Sell
2023.04.24 13:49:51.836,43.95,43.96,43.95,100.00,Sell
2023.04.24 13:49:51.836,43.95,43.96,43.95,100.00,Sell
2023.04.24 13:49:51.836,43.95,43.96,43.95,100.00,Sell
2023.04.24 13:49:51.836,43.95,43.96,43.95,200.00,Sell
2023.04.24 13:49:51.836,43.95,43.96,43.95,100.00,Sell
2023.04.24 13:49:51.836,43.95,43.96,43.95,100.00,Sell
2023.04.24 13:49:51.836,43.95,43.96,43.95,100.00,Sell
2023.04.24 13:49:51.836,43.95,43.96,43.95,100.00,Sell
2023.04.24 13:49:51.836,43.95,43.96,43.95,100.00,Sell
2023.04.24 13:49:51.836,43.95,43.96,43.95,100.00,Sell
2023.04.24 13:49:51.836,43.95,43.96,43.95,100.00,Sell
2023.04.24 13:49:51.836,43.95,43.96,43.95,100.00,Sell
2023.04.24 13:49:51.836,43.95,43.96,43.95,100.00,Sell
2023.04.24 13:49:51.836,43.95,43.96,43.95,100.00,Sell
2023.04.24 13:49:51.836,43.95,43.96,43.95,100.00,Sell
2023.04.24 13:49:51.836,43.95,43.96,43.95,100.00,Sell
2023.04.24 13:49:51.836,43.95,43.96,43.94,100.00,Sell
2023.04.24 13:49:53.872,43.94,43.95,43.94,100.00,Sell
2023.04.24 13:49:56.092,43.94,43.95,43.95,100.00,Buy
2023.04.24 13:49:59.060,43.94,43.95,43.95,100.00,Buy
2023.04.24 13:49:59.060,43.94,43.95,43.95,101.00,Buy
2023.04.24 13:49:59.060,43.94,43.95,43.95,100.00,Buy
2023.04.24 13:49:59.060,43.94,43.95,43.95,100.00,Buy
2023.04.24 13:49:59.060,43.94,43.95,43.95,100.00,Buy
2023.04.24 13:49:59.061,43.94,43.95,43.94,100.00,Sell
2023.04.24 13:50:02.376,43.95,43.96,43.95,200.00,Sell
2023.04.24 13:50:02.376,43.95,43.96,43.95,284.00,Sell
2023.04.24 13:50:02.376,43.95,43.96,43.95,284.00,Sell
2023.04.24 13:50:02.376,43.95,43.96,43.95,100.00,Sell
2023.04.24 13:50:02.376,43.95,43.96,43.95,100.00,Sell
2023.04.24 13:50:02.394,43.95,43.96,43.95,700.00,Sell
2023.04.24 13:50:02.394,43.95,43.96,43.95,200.00,Sell
2023.04.24 13:50:05.290,43.95,43.96,43.96,100.00,Buy
2023.04.24 13:50:05.302,43.95,43.96,43.96,328.00,Buy
2023.04.24 13:50:05.302,43.95,43.96,43.96,100.00,Buy
2023.04.24 13:50:05.302,43.95,43.96,43.95,100.00,Sell
2023.04.24 13:50:05.302,43.95,43.96,43.95,200.00,Sell
2023.04.24 13:50:05.424,43.95,43.95,43.95,100.00,Buy
2023.04.24 13:50:05.424,43.95,43.95,43.95,100.00,Buy
2023.04.24 13:50:05.424,43.95,43.95,43.95,100.00,Buy
2023.04.24 13:50:05.424,43.95,43.95,43.95,100.00,Buy
2023.04.24 13:50:05.424,43.95,43.95,43.95,100.00,Buy
2023.04.24 13:50:05.621,43.95,43.95,43.95,100.00,Buy
2023.04.24 13:50:05.970,43.94,43.95,43.95,100.00,Buy
2023.04.24 13:50:05.970,43.94,43.95,43.95,100.00,Buy
2023.04.24 13:50:05.970,43.94,43.95,43.95,100.00,Buy
2023.04.24 13:50:05.970,43.94,43.95,43.95,100.00,Buy
2023.04.24 13:50:05.970,43.94,43.95,43.95,200.00,Buy
2023.04.24 13:50:05.970,43.94,43.95,43.95,100.00,Buy
2023.04.24 13:50:05.970,43.94,43.95,43.95,100.00,Buy
2023.04.24 13:50:05.970,43.94,43.95,43.95,100.00,Buy
2023.04.24 13:50:05.987,43.94,43.95,43.94,100.00,Sell
2023.04.24 13:50:05.987,43.94,43.95,43.94,100.00,Sell
2023.04.24 13:50:05.987,43.94,43.95,43.94,100.00,Sell
2023.04.24 13:50:05.987,43.94,43.95,43.94,100.00,Sell
2023.04.24 13:50:06.856,43.94,43.95,43.94,600.00,Sell
2023.04.24 13:50:06.891,43.94,43.95,43.94,200.00,Sell
2023.04.24 13:50:07.817,43.94,43.95,43.95,100.00,Buy
2023.04.24 13:50:07.831,43.94,43.95,43.95,200.00,Buy
2023.04.24 13:50:08.067,43.94,43.95,43.95,200.00,Buy
2023.04.24 13:50:08.592,43.95,43.96,43.94,100.00,Sell
2023.04.24 13:50:10.076,43.96,43.97,43.96,100.00,Sell
2023.04.24 13:50:10.076,43.96,43.97,43.96,100.00,Sell
2023.04.24 13:50:11.667,43.96,43.97,43.96,100.00,Sell
2023.04.24 13:50:14.332,43.95,43.96,43.96,100.00,Buy
2023.04.24 13:50:14.332,43.95,43.96,43.96,201.00,Buy
2023.04.24 13:50:14.332,43.95,43.96,43.96,400.00,Buy
2023.04.24 13:50:14.332,43.95,43.96,43.96,100.00,Buy
2023.04.24 13:50:14.332,43.95,43.96,43.96,100.00,Buy
2023.04.24 13:50:14.332,43.95,43.96,43.95,100.00,Sell
2023.04.24 13:50:14.332,43.95,43.96,43.96,100.00,Buy
2023.04.24 13:50:14.332,43.95,43.96,43.96,100.00,Buy
2023.04.24 13:50:14.332,43.95,43.96,43.96,100.00,Buy
2023.04.24 13:50:14.332,43.95,43.96,43.96,100.00,Buy
2023.04.24 13:50:14.352,43.95,43.96,43.96,100.00,Buy
2023.04.24 13:50:14.352,43.95,43.96,43.96,100.00,Buy
2023.04.24 13:50:14.352,43.95,43.96,43.96,100.00,Buy
2023.04.24 13:50:14.352,43.95,43.96,43.95,100.00,Sell
2023.04.24 13:50:14.352,43.95,43.96,43.95,100.00,Sell
2023.04.24 13:50:14.352,43.95,43.96,43.96,100.00,Buy
2023.04.24 13:50:14.384,43.95,43.96,43.96,100.00,Buy
2023.04.24 13:50:19.792,43.95,43.96,43.95,100.00,Sell
2023.04.24 13:50:19.792,43.95,43.96,43.95,200.00,Sell
2023.04.24 13:50:19.799,43.95,43.96,43.96,100.00,Buy
2023.04.24 13:50:19.799,43.95,43.96,43.96,300.00,Buy
2023.04.24 13:50:20.152,43.95,43.96,43.96,200.00,Buy
2023.04.24 13:50:20.175,43.97,43.97,43.96,100.00,Sell
2023.04.24 13:50:20.175,43.97,43.97,43.96,100.00,Sell
2023.04.24 13:50:20.175,43.97,43.97,43.96,100.00,Sell
2023.04.24 13:50:20.175,43.97,43.97,43.96,200.00,Sell
2023.04.24 13:50:20.175,43.97,43.97,43.96,100.00,Sell
2023.04.24 13:50:22.683,43.97,43.98,43.98,100.00,Buy
2023.04.24 13:50:31.691,43.98,43.99,43.99,100.00,Buy
2023.04.24 13:50:31.691,43.98,43.99,43.99,100.00,Buy
2023.04.24 13:50:31.709,43.98,43.99,43.99,100.00,Buy
2023.04.24 13:50:32.312,43.98,43.99,43.98,100.00,Sell
2023.04.24 13:50:32.313,43.98,43.99,43.98,100.00,Sell
2023.04.24 13:50:32.313,43.98,43.99,43.98,100.00,Sell
2023.04.24 13:50:32.313,43.98,43.99,43.98,100.00,Sell
2023.04.24 13:50:33.304,43.97,43.98,43.97,100.00,Sell
2023.04.24 13:50:33.839,43.97,43.98,43.97,100.00,Sell
2023.04.24 13:50:37.462,43.96,43.97,43.97,200.00,Buy
2023.04.24 13:50:41.011,43.95,43.96,43.96,100.00,Buy
2023.04.24 13:50:41.011,43.95,43.96,43.96,100.00,Buy
2023.04.24 13:50:41.011,43.95,43.96,43.96,100.00,Buy
2023.04.24 13:50:41.011,43.95,43.96,43.96,100.00,Buy
2023.04.24 13:50:42.685,43.95,43.96,43.96,100.00,Buy
2023.04.24 13:50:47.668,43.95,43.96,43.95,100.00,Sell
2023.04.24 13:50:47.770,43.94,43.95,43.95,100.00,Buy
2023.04.24 13:50:47.770,43.94,43.95,43.95,100.00,Buy
2023.04.24 13:50:47.770,43.94,43.95,43.95,100.00,Buy
2023.04.24 13:50:47.775,43.94,43.95,43.95,100.00,Buy
2023.04.24 13:50:47.800,43.94,43.95,43.95,100.00,Buy
2023.04.24 13:50:51.635,43.94,43.95,43.94,100.00,Sell
2023.04.24 13:50:52.729,43.92,43.93,43.93,124.00,Buy
2023.04.24 13:50:52.729,43.92,43.93,43.93,100.00,Buy
2023.04.24 13:50:56.696,43.92,43.93,43.92,100.00,Sell
2023.04.24 13:50:56.696,43.92,43.93,43.92,100.00,Sell
2023.04.24 13:50:58.133,43.94,43.95,43.93,801.00,Sell
2023.04.24 13:50:58.133,43.94,43.95,43.93,340.00,Sell
2023.04.24 13:50:58.133,43.94,43.95,43.93,100.00,Sell
2023.04.24 13:50:58.133,43.94,43.95,43.93,100.00,Sell
2023.04.24 13:50:58.133,43.94,43.95,43.93,100.00,Sell
2023.04.24 13:50:58.133,43.94,43.95,43.94,800.00,Sell
2023.04.24 13:50:58.133,43.94,43.95,43.95,100.00,Buy
2023.04.24 13:50:58.133,43.94,43.95,43.95,100.00,Buy
2023.04.24 13:50:58.175,43.95,43.96,43.95,300.00,Sell
2023.04.24 13:50:58.175,43.95,43.96,43.95,300.00,Sell
2023.04.24 13:50:58.175,43.95,43.96,43.95,300.00,Sell
2023.04.24 13:50:58.226,43.96,43.97,43.96,900.00,Sell
2023.04.24 13:50:58.226,43.96,43.97,43.96,100.00,Sell
2023.04.24 13:51:01.426,43.97,43.98,43.97,100.00,Sell
2023.04.24 13:51:01.688,43.97,43.98,43.98,500.00,Buy
2023.04.24 13:51:03.205,43.97,43.98,43.98,100.00,Buy
2023.04.24 13:51:04.151,43.97,43.98,43.98,200.00,Buy
2023.04.24 13:51:05.269,43.97,43.98,43.98,100.00,Buy
2023.04.24 13:51:05.269,43.97,43.98,43.98,100.00,Buy
2023.04.24 13:51:05.592,43.98,43.99,43.99,400.00,Buy
2023.04.24 13:51:05.843,43.99,44.00,43.99,100.00,Sell
2023.04.24 13:51:08.578,43.99,43.99,43.99,100.00,Buy
2023.04.24 13:51:08.578,43.99,43.99,43.99,100.00,Buy
2023.04.24 13:51:08.578,43.99,43.99,43.99,100.00,Buy
2023.04.24 13:51:08.578,43.99,43.99,43.99,100.00,Buy
2023.04.24 13:51:08.578,43.99,43.99,43.99,100.00,Buy
2023.04.24 13:51:08.578,43.99,43.99,43.99,100.00,Buy
2023.04.24 13:51:08.578,43.99,43.99,43.99,100.00,Buy
2023.04.24 13:51:08.578,43.99,43.99,43.99,200.00,Buy
2023.04.24 13:51:08.578,43.99,43.99,43.99,100.00,Buy
2023.04.24 13:51:09.334,43.99,43.99,43.99,161.00,Buy
2023.04.24 13:51:09.671,43.98,43.99,43.99,100.00,Buy
2023.04.24 13:51:10.130,43.98,43.99,43.99,100.00,Buy
2023.04.24 13:51:10.130,43.98,43.99,43.99,100.00,Buy
2023.04.24 13:51:14.250,43.98,43.99,43.99,100.00,Buy
2023.04.24 13:51:20.684,43.99,44.00,44.00,387.00,Buy
2023.04.24 13:51:20.684,43.99,44.00,44.00,200.00,Buy
2023.04.24 13:51:20.696,43.99,44.00,44.00,100.00,Buy
2023.04.24 13:51:20.696,43.99,44.00,44.00,100.00,Buy
2023.04.24 13:51:20.696,43.99,44.00,44.00,200.00,Buy
2023.04.24 13:51:20.696,43.99,44.00,44.00,100.00,Buy
2023.04.24 13:51:20.696,43.99,44.00,44.00,100.00,Buy
2023.04.24 13:51:20.696,43.99,44.00,44.00,100.00,Buy
2023.04.24 13:51:20.696,43.99,44.00,44.00,100.00,Buy
2023.04.24 13:51:20.696,43.99,44.00,44.00,100.00,Buy
2023.04.24 13:51:20.696,43.99,44.00,44.00,100.00,Buy
2023.04.24 13:51:24.024,43.99,44.00,44.00,500.00,Buy
2023.04.24 13:51:24.024,43.99,44.00,44.00,500.00,Buy
2023.04.24 13:51:31.356,43.98,43.99,43.99,100.00,Buy
2023.04.24 13:51:31.356,43.98,43.99,43.99,120.00,Buy
2023.04.24 13:51:31.356,43.98,43.99,43.99,100.00,Buy
2023.04.24 13:51:31.356,43.98,43.99,43.99,100.00,Buy
2023.04.24 13:51:31.356,43.98,43.99,43.99,100.00,Buy
2023.04.24 13:51:31.356,43.98,43.99,43.99,100.00,Buy
2023.04.24 13:51:34.383,43.99,44.00,43.99,100.00,Sell
2023.04.24 13:51:34.383,43.99,44.00,43.99,100.00,Sell
2023.04.24 13:51:37.109,43.99,44.00,43.99,100.00,Sell
2023.04.24 13:51:37.964,43.98,43.99,43.99,100.00,Buy
2023.04.24 13:51:37.964,43.98,43.99,43.99,100.00,Buy
2023.04.24 13:51:37.964,43.98,43.99,43.99,100.00,Buy
2023.04.24 13:51:37.964,43.98,43.99,43.99,100.00,Buy
2023.04.24 13:51:37.964,43.98,43.99,43.99,298.00,Buy
2023.04.24 13:51:37.972,43.98,43.99,43.99,100.00,Buy
2023.04.24 13:51:41.075,43.98,44.00,43.99,100.00,Buy/Sell
2023.04.24 13:51:41.075,43.98,44.00,43.99,100.00,Buy/Sell
2023.04.24 13:51:41.075,43.98,44.00,43.99,100.00,Buy/Sell
2023.04.24 13:51:43.214,43.99,43.99,43.99,100.00,Buy
2023.04.24 13:51:44.079,43.99,44.00,44.00,300.00,Buy
2023.04.24 13:51:49.370,44.00,44.01,44.00,100.00,Sell
2023.04.24 13:51:49.370,44.00,44.01,44.00,100.00,Sell
2023.04.24 13:51:54.874,43.98,43.99,43.99,100.00,Buy
2023.04.24 13:51:55.470,43.98,43.99,43.98,100.00,Sell
2023.04.24 13:51:59.717,43.98,43.99,43.98,100.00,Sell
2023.04.24 13:51:59.717,43.98,43.99,43.98,100.00,Sell
2023.04.24 13:51:59.717,43.98,43.99,43.98,100.00,Sell
2023.04.24 13:51:59.717,43.98,43.99,43.98,100.00,Sell
2023.04.24 13:52:06.523,43.98,43.99,43.99,100.00,Buy
2023.04.24 13:52:07.648,43.98,43.99,43.98,100.00,Sell
2023.04.24 13:52:11.191,44.00,44.01,43.99,100.00,Sell
2023.04.24 13:52:11.191,44.00,44.01,43.99,100.00,Sell
2023.04.24 13:52:11.191,44.00,44.01,43.99,139.00,Sell
2023.04.24 13:52:11.191,44.00,44.01,43.99,126.00,Sell
2023.04.24 13:52:11.191,44.00,44.01,44.00,101.00,Sell
2023.04.24 13:52:11.191,44.00,44.01,44.00,100.00,Sell
2023.04.24 13:52:11.191,44.00,44.01,44.00,100.00,Sell
2023.04.24 13:52:11.376,44.01,44.02,44.01,100.00,Sell
2023.04.24 13:52:12.142,44.00,44.01,44.01,200.00,Buy
2023.04.24 13:52:14.335,44.01,44.02,44.01,100.00,Sell
2023.04.24 13:52:17.589,44.00,44.01,44.01,100.00,Buy
2023.04.24 13:52:17.589,44.00,44.01,44.01,100.00,Buy
2023.04.24 13:52:17.589,44.00,44.01,44.01,100.00,Buy
2023.04.24 13:52:18.427,44.00,44.01,44.01,398.00,Buy
2023.04.24 13:52:18.427,44.00,44.01,44.01,1602.00,Buy
2023.04.24 13:52:22.345,44.00,44.01,44.01,400.00,Buy
2023.04.24 13:52:26.058,43.99,44.00,44.00,100.00,Buy
2023.04.24 13:52:26.058,43.99,44.00,44.00,100.00,Buy
2023.04.24 13:52:26.058,43.99,44.00,44.00,100.00,Buy
2023.04.24 13:52:34.434,44.00,44.01,44.01,100.00,Buy
2023.04.24 13:52:45.099,44.02,44.03,44.02,100.00,Sell
2023.04.24 13:52:45.137,44.02,44.03,44.02,200.00,Sell
2023.04.24 13:52:45.137,44.02,44.03,44.02,200.00,Sell
2023.04.24 13:52:45.137,44.02,44.03,44.02,100.00,Sell
2023.04.24 13:52:48.532,44.01,44.02,44.01,100.00,Sell
2023.04.24 13:53:03.464,44.01,44.02,44.02,100.00,Buy
2023.04.24 13:53:03.622,44.02,44.03,44.02,100.00,Sell
2023.04.24 13:53:04.738,44.03,44.04,44.03,100.00,Sell
2023.04.24 13:53:05.300,44.04,44.05,44.04,100.00,Sell
2023.04.24 13:53:05.300,44.04,44.05,44.04,100.00,Sell
2023.04.24 13:53:05.300,44.04,44.05,44.04,100.00,Sell
2023.04.24 13:53:06.289,44.05,44.06,44.05,100.00,Sell
2023.04.24 13:53:08.210,44.04,44.05,44.05,100.00,Buy
2023.04.24 13:53:08.262,44.04,44.05,44.05,360.00,Buy
2023.04.24 13:53:08.264,44.05,44.06,44.05,100.00,Sell
2023.04.24 13:53:08.264,44.05,44.06,44.05,100.00,Sell
2023.04.24 13:53:08.264,44.05,44.06,44.05,200.00,Sell
2023.04.24 13:53:10.900,44.05,44.06,44.06,500.00,Buy
2023.04.24 13:53:10.901,44.05,44.06,44.06,100.00,Buy
2023.04.24 13:53:10.901,44.05,44.06,44.06,100.00,Buy
2023.04.24 13:53:10.901,44.05,44.06,44.06,200.00,Buy
2023.04.24 13:53:10.901,44.05,44.06,44.06,100.00,Buy
2023.04.24 13:53:10.901,44.05,44.06,44.06,100.00,Buy
2023.04.24 13:53:10.901,44.05,44.06,44.06,200.00,Buy
2023.04.24 13:53:10.904,44.06,44.07,44.06,100.00,Sell
2023.04.24 13:53:10.904,44.06,44.07,44.06,100.00,Sell
2023.04.24 13:53:12.047,44.05,44.06,44.06,100.00,Buy
2023.04.24 13:53:12.157,44.05,44.06,44.06,200.00,Buy
2023.04.24 13:53:18.455,44.06,44.07,44.06,100.00,Sell
2023.04.24 13:53:19.911,44.05,44.06,44.06,100.00,Buy
2023.04.24 13:53:19.911,44.05,44.06,44.06,100.00,Buy
2023.04.24 13:53:19.911,44.05,44.06,44.06,100.00,Buy
2023.04.24 13:53:19.911,44.05,44.06,44.06,100.00,Buy
2023.04.24 13:53:19.937,44.05,44.06,44.05,100.00,Sell
2023.04.24 13:53:20.018,44.05,44.06,44.05,100.00,Sell
2023.04.24 13:53:20.018,44.05,44.06,44.05,100.00,Sell
2023.04.24 13:53:20.018,44.05,44.06,44.05,100.00,Sell
2023.04.24 13:53:20.018,44.05,44.06,44.05,100.00,Sell
2023.04.24 13:53:20.092,44.04,44.05,44.05,100.00,Buy
2023.04.24 13:53:21.549,44.03,44.04,44.04,100.00,Buy
2023.04.24 13:53:22.943,44.03,44.04,44.03,100.00,Sell
2023.04.24 13:53:22.943,44.03,44.04,44.04,100.00,Buy
2023.04.24 13:53:22.943,44.03,44.04,44.03,190.00,Sell
2023.04.24 13:53:22.943,44.03,44.04,44.03,100.00,Sell
2023.04.24 13:53:22.943,44.03,44.04,44.04,100.00,Buy
2023.04.24 13:53:22.943,44.03,44.04,44.03,100.00,Sell
2023.04.24 13:53:22.943,44.03,44.04,44.03,100.00,Sell
2023.04.24 13:53:22.943,44.03,44.04,44.03,100.00,Sell
2023.04.24 13:53:26.143,44.03,44.04,44.04,100.00,Buy
2023.04.24 13:54:01.043,44.03,44.04,44.04,100.00,Buy
2023.04.24 13:54:04.935,44.03,44.04,44.03,100.00,Sell
2023.04.24 13:54:07.723,44.02,44.03,44.03,100.00,Buy
2023.04.24 13:54:07.723,44.02,44.03,44.03,177.00,Buy
2023.04.24 13:54:07.723,44.02,44.03,44.03,100.00,Buy
2023.04.24 13:54:07.723,44.02,44.03,44.03,100.00,Buy
2023.04.24 13:54:07.724,44.02,44.03,44.03,100.00,Buy
2023.04.24 13:54:07.724,44.02,44.03,44.03,100.00,Buy
2023.04.24 13:54:07.724,44.02,44.03,44.03,100.00,Buy
2023.04.24 13:54:07.809,44.01,44.02,44.02,100.00,Buy
2023.04.24 13:54:07.809,44.01,44.02,44.02,100.00,Buy
2023.04.24 13:54:07.809,44.01,44.02,44.02,100.00,Buy
2023.04.24 13:54:08.157,44.02,44.03,44.02,100.00,Sell
2023.04.24 13:54:22.736,44.02,44.03,44.02,100.00,Sell
2023.04.24 13:54:22.744,44.01,44.02,44.01,173.00,Sell
2023.04.24 13:54:24.490,43.99,44.00,43.99,127.00,Sell
2023.04.24 13:54:30.017,43.97,43.98,43.97,100.00,Sell
2023.04.24 13:54:31.277,43.97,43.98,43.97,199.00,Sell
2023.04.24 13:54:31.277,43.97,43.98,43.97,127.00,Sell
2023.04.24 13:54:31.277,43.97,43.98,43.97,100.00,Sell
2023.04.24 13:54:34.361,43.94,43.94,43.94,100.00,Buy
2023.04.24 13:54:40.127,43.94,43.95,43.94,100.00,Sell
2023.04.24 13:54:40.127,43.94,43.95,43.94,100.00,Sell
2023.04.24 13:54:40.127,43.94,43.95,43.94,170.00,Sell
2023.04.24 13:54:40.127,43.94,43.95,43.94,207.00,Sell
2023.04.24 13:54:40.127,43.94,43.95,43.94,100.00,Sell
2023.04.24 13:54:51.329,43.93,43.94,43.93,100.00,Sell
2023.04.24 13:54:55.267,43.94,43.95,43.94,100.00,Sell
2023.04.24 13:54:59.594,43.95,43.96,43.95,100.00,Sell
2023.04.24 13:54:59.594,43.95,43.96,43.95,400.00,Sell
2023.04.24 13:54:59.594,43.95,43.96,43.95,100.00,Sell
2023.04.24 13:54:59.594,43.95,43.96,43.95,379.00,Sell
2023.04.24 13:55:11.175,43.96,43.97,43.96,100.00,Sell
2023.04.24 13:55:14.397,43.96,43.97,43.97,100.00,Buy
2023.04.24 13:55:19.115,43.95,43.96,43.96,200.00,Buy
2023.04.24 13:55:19.115,43.95,43.96,43.96,100.00,Buy
2023.04.24 13:55:19.115,43.95,43.96,43.96,127.00,Buy
2023.04.24 13:55:19.115,43.95,43.96,43.96,100.00,Buy
2023.04.24 13:55:30.014,43.94,43.95,43.96,100.00,Buy
2023.04.24 13:55:30.014,43.94,43.95,43.95,100.00,Buy
2023.04.24 13:55:30.014,43.94,43.95,43.95,100.00,Buy
2023.04.24 13:55:36.419,43.95,43.96,43.96,100.00,Buy
2023.04.24 13:55:38.174,43.96,43.97,43.97,400.00,Buy
2023.04.24 13:55:38.174,43.96,43.97,43.97,100.00,Buy
2023.04.24 13:55:38.174,43.96,43.97,43.97,100.00,Buy
2023.04.24 13:55:38.174,43.96,43.97,43.97,100.00,Buy
2023.04.24 13:55:38.174,43.96,43.97,43.97,100.00,Buy
2023.04.24 13:55:40.040,43.96,43.97,43.96,100.00,Sell
2023.04.24 13:55:47.282,43.97,43.98,43.98,100.00,Buy
2023.04.24 13:55:47.282,43.97,43.98,43.98,100.00,Buy
2023.04.24 13:55:47.282,43.97,43.98,43.98,100.00,Buy
2023.04.24 13:55:47.282,43.97,43.98,43.98,100.00,Buy
2023.04.24 13:55:47.282,43.97,43.98,43.98,400.00,Buy
2023.04.24 13:55:47.282,43.97,43.98,43.97,200.00,Sell
2023.04.24 13:55:47.282,43.97,43.98,43.97,100.00,Sell
2023.04.24 13:55:47.282,43.97,43.98,43.98,100.00,Buy
2023.04.24 13:55:47.282,43.97,43.98,43.98,100.00,Buy
2023.04.24 13:55:47.282,43.97,43.98,43.98,300.00,Buy
2023.04.24 13:55:47.282,43.97,43.98,43.98,300.00,Buy
2023.04.24 13:55:47.282,43.97,43.98,43.98,100.00,Buy
2023.04.24 13:55:47.282,43.97,43.98,43.97,100.00,Sell
2023.04.24 13:55:48.138,43.97,43.98,43.98,400.00,Buy
2023.04.24 13:55:54.107,43.97,43.98,43.98,100.00,Buy
2023.04.24 13:55:55.341,43.97,43.98,43.98,200.00,Buy
2023.04.24 13:55:55.341,43.97,43.98,43.97,200.00,Sell
2023.04.24 13:55:59.890,43.96,43.97,43.97,100.00,Buy
2023.04.24 13:55:59.890,43.96,43.97,43.97,127.00,Buy
2023.04.24 13:55:59.890,43.96,43.97,43.97,100.00,Buy
2023.04.24 13:56:09.332,43.95,43.96,43.96,100.00,Buy
2023.04.24 13:56:09.500,43.95,43.96,43.95,100.00,Sell
2023.04.24 13:56:11.576,43.95,43.96,43.95,100.00,Sell
2023.04.24 13:56:11.576,43.95,43.96,43.95,100.00,Sell
2023.04.24 13:56:11.751,43.95,43.96,43.95,100.00,Sell
2023.04.24 13:56:12.511,43.95,43.96,43.96,100.00,Buy
2023.04.24 13:56:17.826,43.96,43.97,43.96,200.00,Sell
2023.04.24 13:56:17.826,43.96,43.97,43.96,184.00,Sell
2023.04.24 13:56:17.826,43.96,43.97,43.96,100.00,Sell
2023.04.24 13:56:17.826,43.96,43.97,43.96,100.00,Sell
2023.04.24 13:56:17.826,43.96,43.97,43.96,100.00,Sell
2023.04.24 13:56:17.989,43.97,43.98,43.97,100.00,Sell
2023.04.24 13:56:17.989,43.97,43.98,43.97,100.00,Sell
2023.04.24 13:56:30.073,43.97,43.98,43.97,200.00,Sell
2023.04.24 13:56:30.073,43.97,43.98,43.97,100.00,Sell
2023.04.24 13:56:31.506,43.96,43.97,43.96,100.00,Sell
2023.04.24 13:56:31.506,43.96,43.97,43.96,100.00,Sell
2023.04.24 13:56:33.672,43.96,43.97,43.96,127.00,Sell
2023.04.24 13:56:33.684,43.95,43.96,43.95,100.00,Sell
2023.04.24 13:56:35.709,43.95,43.96,43.96,100.00,Buy
2023.04.24 13:57:01.918,43.94,43.95,43.95,100.00,Buy
2023.04.24 13:57:01.918,43.94,43.95,43.95,127.00,Buy
2023.04.24 13:57:06.146,43.94,43.95,43.95,100.00,Buy
2023.04.24 13:57:14.229,43.94,43.95,43.95,100.00,Buy
2023.04.24 13:57:14.229,43.94,43.95,43.95,100.00,Buy
2023.04.24 13:57:14.229,43.94,43.95,43.95,100.00,Buy
2023.04.24 13:57:14.236,43.95,43.96,43.95,369.00,Sell
2023.04.24 13:57:18.218,43.94,43.95,43.95,100.00,Buy
2023.04.24 13:57:18.218,43.94,43.95,43.95,100.00,Buy
2023.04.24 13:57:20.429,43.95,43.96,43.95,100.00,Sell
2023.04.24 13:57:28.694,43.94,43.95,43.95,100.00,Buy
2023.04.24 13:57:28.694,43.94,43.95,43.95,100.00,Buy
2023.04.24 13:57:37.615,43.94,43.95,43.95,100.00,Buy
2023.04.24 13:57:37.851,43.94,43.95,43.95,147.00,Buy
2023.04.24 13:57:47.847,43.94,43.95,43.94,100.00,Sell
2023.04.24 13:57:48.565,43.93,43.94,43.94,100.00,Buy
2023.04.24 13:57:48.565,43.93,43.94,43.94,100.00,Buy
2023.04.24 13:57:48.565,43.93,43.94,43.94,100.00,Buy
2023.04.24 13:57:48.565,43.93,43.94,43.94,100.00,Buy
2023.04.24 13:57:48.565,43.93,43.94,43.94,100.00,Buy
2023.04.24 13:57:48.565,43.93,43.94,43.94,100.00,Buy
2023.04.24 13:57:50.584,43.94,43.95,43.94,100.00,Sell
2023.04.24 13:57:50.590,43.94,43.95,43.94,100.00,Sell
2023.04.24 13:58:02.873,43.94,43.95,43.94,100.00,Sell
2023.04.24 13:58:03.869,43.94,43.95,43.95,100.00,Buy
2023.04.24 13:58:03.961,43.95,43.96,43.95,161.00,Sell
2023.04.24 13:58:03.961,43.95,43.96,43.95,221.00,Sell
2023.04.24 13:58:04.116,43.95,43.96,43.96,800.00,Buy
2023.04.24 13:58:04.582,43.95,43.96,43.96,100.00,Buy
2023.04.24 13:58:11.848,43.94,43.95,43.95,200.00,Buy
2023.04.24 13:58:11.848,43.94,43.95,43.95,100.00,Buy
2023.04.24 13:58:11.848,43.94,43.95,43.95,100.00,Buy
2023.04.24 13:58:11.848,43.94,43.95,43.95,100.00,Buy
2023.04.24 13:58:12.472,43.94,43.95,43.95,100.00,Buy
2023.04.24 13:58:13.983,43.93,43.94,43.94,100.00,Buy
2023.04.24 13:58:20.631,43.93,43.94,43.94,100.00,Buy
2023.04.24 13:58:27.548,43.92,43.93,43.93,238.00,Buy
2023.04.24 13:58:27.548,43.92,43.93,43.93,100.00,Buy
2023.04.24 13:58:27.548,43.92,43.93,43.93,100.00,Buy
2023.04.24 13:58:27.548,43.92,43.93,43.93,100.00,Buy
2023.04.24 13:58:31.508,43.92,43.93,43.92,200.00,Sell
2023.04.24 13:58:32.534,43.91,43.92,43.92,100.00,Buy
2023.04.24 13:58:32.534,43.91,43.92,43.92,173.00,Buy
2023.04.24 13:58:33.697,43.92,43.93,43.92,100.00,Sell
2023.04.24 13:58:33.697,43.92,43.93,43.92,100.00,Sell
2023.04.24 13:58:33.697,43.92,43.93,43.92,100.00,Sell
2023.04.24 13:58:35.561,43.92,43.93,43.92,100.00,Sell
2023.04.24 13:58:35.582,43.92,43.93,43.92,100.00,Sell
2023.04.24 13:58:46.372,43.91,43.92,43.92,100.00,Buy
2023.04.24 13:58:49.328,43.91,43.91,43.91,100.00,Buy
2023.04.24 13:58:49.501,43.91,43.92,43.91,100.00,Sell
2023.04.24 13:58:58.348,43.91,43.92,43.92,100.00,Buy
2023.04.24 13:59:00.153,43.92,43.93,43.92,333.00,Sell
2023.04.24 13:59:04.489,43.91,43.92,43.91,100.00,Sell
2023.04.24 13:59:11.684,43.92,43.93,43.92,100.00,Sell
2023.04.24 13:59:19.195,43.92,43.93,43.92,100.00,Sell
2023.04.24 13:59:19.195,43.92,43.93,43.92,100.00,Sell
2023.04.24 13:59:19.195,43.92,43.93,43.92,100.00,Sell
2023.04.24 13:59:24.440,43.91,43.92,43.91,100.00,Sell
2023.04.24 13:59:25.864,43.89,43.90,43.90,100.00,Buy
2023.04.24 13:59:25.864,43.89,43.90,43.90,100.00,Buy
2023.04.24 13:59:25.864,43.89,43.90,43.90,100.00,Buy
2023.04.24 13:59:25.864,43.89,43.90,43.90,100.00,Buy
2023.04.24 13:59:25.864,43.89,43.90,43.90,100.00,Buy
2023.04.24 13:59:25.864,43.89,43.90,43.90,100.00,Buy
2023.04.24 13:59:25.864,43.89,43.90,43.90,100.00,Buy
2023.04.24 13:59:25.864,43.89,43.90,43.90,100.00,Buy
2023.04.24 13:59:25.864,43.89,43.90,43.90,100.00,Buy
2023.04.24 13:59:30.054,43.89,43.91,43.89,100.00,Sell
2023.04.24 13:59:30.054,43.89,43.91,43.89,100.00,Sell
2023.04.24 13:59:30.054,43.89,43.91,43.89,100.00,Sell
2023.04.24 13:59:30.436,43.89,43.91,43.89,100.00,Sell
2023.04.24 13:59:31.475,43.89,43.90,43.90,100.00,Buy
2023.04.24 13:59:34.645,43.89,43.90,43.89,1000.00,Sell
2023.04.24 13:59:41.338,43.88,43.89,43.89,282.00,Buy
2023.04.24 13:59:41.338,43.88,43.89,43.89,218.00,Buy
2023.04.24 13:59:41.338,43.88,43.89,43.89,100.00,Buy
2023.04.24 13:59:41.338,43.88,43.89,43.89,100.00,Buy
2023.04.24 13:59:41.338,43.88,43.89,43.89,100.00,Buy
2023.04.24 13:59:41.338,43.88,43.89,43.89,100.00,Buy
2023.04.24 13:59:41.338,43.88,43.89,43.89,100.00,Buy
2023.04.24 13:59:41.343,43.88,43.89,43.89,100.00,Buy
2023.04.24 13:59:41.343,43.88,43.89,43.89,100.00,Buy
2023.04.24 13:59:45.242,43.88,43.90,43.89,100.00,Buy/Sell
2023.04.24 13:59:45.242,43.88,43.90,43.89,100.00,Buy/Sell
2023.04.24 13:59:46.056,43.88,43.90,43.88,100.00,Sell
2023.04.24 13:59:46.163,43.88,43.90,43.88,100.00,Sell
2023.04.24 13:59:46.231,43.88,43.90,43.88,145.00,Sell
2023.04.24 13:59:46.313,43.88,43.90,43.88,100.00,Sell
2023.04.24 13:59:46.313,43.88,43.90,43.89,100.00,Buy/Sell
2023.04.24 13:59:51.097,43.88,43.89,43.89,100.00,Buy
2023.04.24 13:59:52.017,43.88,43.89,43.89,100.00,Buy
2023.04.24 13:59:53.116,43.88,43.89,43.89,100.00,Buy
2023.04.24 13:59:53.116,43.88,43.89,43.89,100.00,Buy
2023.04.24 13:59:54.433,43.88,43.89,43.89,100.00,Buy
2023.04.24 13:59:55.426,43.88,43.89,43.89,100.00,Buy
2023.04.24 13:59:55.426,43.88,43.89,43.88,100.00,Sell
2023.04.24 13:59:55.478,43.88,43.89,43.89,100.00,Buy
2023.04.24 13:59:58.693,43.88,43.89,43.89,100.00,Buy
2023.04.24 13:59:59.348,43.88,43.89,43.89,100.00,Buy
2023.04.24 14:00:00.032,43.88,43.89,43.88,800.00,Sell
2023.04.24 14:00:00.082,43.88,43.89,43.89,100.00,Buy
2023.04.24 14:00:00.642,43.88,43.89,43.89,100.00,Buy
2023.04.24 14:00:00.768,43.88,43.89,43.88,100.00,Sell
2023.04.24 14:00:01.180,43.89,43.90,43.89,100.00,Sell
2023.04.24 14:00:01.180,43.89,43.90,43.89,346.00,Sell
2023.04.24 14:00:01.180,43.89,43.90,43.89,100.00,Sell
2023.04.24 14:00:01.180,43.89,43.90,43.89,100.00,Sell
2023.04.24 14:00:01.180,43.89,43.90,43.89,100.00,Sell
2023.04.24 14:00:01.180,43.89,43.90,43.89,100.00,Sell
2023.04.24 14:00:01.180,43.89,43.90,43.89,100.00,Sell
2023.04.24 14:00:01.180,43.89,43.90,43.89,100.00,Sell
2023.04.24 14:00:01.181,43.89,43.90,43.88,100.00,Sell
2023.04.24 14:00:01.181,43.89,43.90,43.89,100.00,Sell
2023.04.24 14:00:01.181,43.89,43.90,43.89,100.00,Sell
2023.04.24 14:00:01.181,43.89,43.90,43.89,100.00,Sell
2023.04.24 14:00:01.181,43.89,43.90,43.89,100.00,Sell
2023.04.24 14:00:01.181,43.89,43.90,43.89,100.00,Sell
2023.04.24 14:00:01.181,43.89,43.90,43.89,100.00,Sell
2023.04.24 14:00:01.185,43.88,43.89,43.89,100.00,Buy
2023.04.24 14:00:01.281,43.88,43.89,43.88,100.00,Sell
2023.04.24 14:00:01.315,43.88,43.89,43.89,100.00,Buy
2023.04.24 14:00:01.315,43.88,43.89,43.89,373.00,Buy
2023.04.24 14:00:01.315,43.88,43.89,43.89,100.00,Buy
2023.04.24 14:00:01.315,43.88,43.89,43.89,238.00,Buy
2023.04.24 14:00:01.762,43.88,43.89,43.89,200.00,Buy
2023.04.24 14:00:02.730,43.88,43.89,43.89,300.00,Buy
2023.04.24 14:00:02.735,43.88,43.89,43.89,100.00,Buy
2023.04.24 14:00:03.080,43.88,43.89,43.89,200.00,Buy
2023.04.24 14:00:04.388,43.88,43.89,43.89,200.00,Buy
2023.04.24 14:00:04.762,43.90,43.91,43.89,100.00,Sell
2023.04.24 14:00:04.762,43.90,43.91,43.89,100.00,Sell
2023.04.24 14:00:04.762,43.90,43.91,43.89,100.00,Sell
2023.04.24 14:00:04.762,43.90,43.91,43.89,100.00,Sell
2023.04.24 14:00:04.762,43.90,43.91,43.90,200.00,Sell
2023.04.24 14:00:04.762,43.90,43.91,43.90,200.00,Sell
2023.04.24 14:00:04.762,43.90,43.91,43.90,100.00,Sell
2023.04.24 14:00:04.762,43.90,43.91,43.90,200.00,Sell
2023.04.24 14:00:04.763,43.90,43.91,43.90,100.00,Sell
2023.04.24 14:00:04.763,43.90,43.91,43.90,100.00,Sell
2023.04.24 14:00:04.763,43.90,43.91,43.90,100.00,Sell
2023.04.24 14:00:04.763,43.90,43.91,43.90,100.00,Sell
2023.04.24 14:00:04.763,43.90,43.91,43.90,100.00,Sell
2023.04.24 14:00:04.763,43.90,43.91,43.90,100.00,Sell
2023.04.24 14:00:04.763,43.90,43.91,43.90,100.00,Sell
2023.04.24 14:00:04.763,43.90,43.91,43.90,100.00,Sell
2023.04.24 14:00:04.763,43.90,43.91,43.90,200.00,Sell
2023.04.24 14:00:04.763,43.90,43.91,43.90,100.00,Sell
2023.04.24 14:00:04.770,43.90,43.91,43.90,100.00,Sell
2023.04.24 14:00:06.417,43.91,43.92,43.91,399.00,Sell
2023.04.24 14:00:10.255,43.94,43.95,43.94,100.00,Sell
2023.04.24 14:00:10.255,43.94,43.95,43.94,200.00,Sell
2023.04.24 14:00:15.837,43.93,43.94,43.94,100.00,Buy
2023.04.24 14:00:17.200,43.93,43.94,43.94,200.00,Buy
2023.04.24 14:00:17.407,43.94,43.95,43.94,100.00,Sell
2023.04.24 14:00:17.407,43.94,43.95,43.94,300.00,Sell
2023.04.24 14:00:17.407,43.94,43.95,43.95,100.00,Buy
2023.04.24 14:00:17.422,43.94,43.95,43.94,1000.00,Sell
2023.04.24 14:00:17.427,43.94,43.95,43.94,100.00,Sell
2023.04.24 14:00:17.493,43.94,43.95,43.95,100.00,Buy
2023.04.24 14:00:17.567,43.94,43.95,43.95,100.00,Buy
2023.04.24 14:00:17.972,43.94,43.95,43.94,100.00,Sell
2023.04.24 14:00:17.972,43.94,43.95,43.95,200.00,Buy
2023.04.24 14:00:18.920,43.94,43.95,43.95,100.00,Buy
2023.04.24 14:00:18.920,43.94,43.95,43.95,100.00,Buy
2023.04.24 14:00:19.038,43.94,43.95,43.95,100.00,Buy
2023.04.24 14:00:19.068,43.94,43.95,43.95,170.00,Buy
2023.04.24 14:00:19.892,43.95,43.96,43.96,100.00,Buy
2023.04.24 14:00:19.892,43.95,43.96,43.95,100.00,Sell
2023.04.24 14:00:20.156,43.95,43.96,43.95,100.00,Sell
2023.04.24 14:00:24.011,43.95,43.96,43.96,100.00,Buy
2023.04.24 14:00:24.011,43.95,43.96,43.96,300.00,Buy
2023.04.24 14:00:24.011,43.95,43.96,43.96,276.00,Buy
2023.04.24 14:00:24.011,43.95,43.96,43.96,400.00,Buy
2023.04.24 14:00:31.572,43.95,43.96,43.95,100.00,Sell
2023.04.24 14:00:31.615,43.94,43.95,43.95,100.00,Buy
2023.04.24 14:00:31.615,43.94,43.95,43.95,104.00,Buy
2023.04.24 14:00:31.615,43.94,43.95,43.95,100.00,Buy
2023.04.24 14:00:31.615,43.94,43.95,43.95,100.00,Buy
2023.04.24 14:00:31.615,43.94,43.95,43.95,100.00,Buy
2023.04.24 14:00:31.615,43.94,43.95,43.95,100.00,Buy
2023.04.24 14:00:31.615,43.94,43.95,43.95,100.00,Buy
2023.04.24 14:00:31.615,43.94,43.95,43.95,100.00,Buy
2023.04.24 14:00:31.615,43.94,43.95,43.94,100.00,Sell
2023.04.24 14:00:32.758,43.93,43.94,43.94,100.00,Buy
2023.04.24 14:00:32.758,43.93,43.94,43.94,100.00,Buy
2023.04.24 14:00:32.758,43.93,43.94,43.94,100.00,Buy
2023.04.24 14:00:32.758,43.93,43.94,43.94,100.00,Buy
2023.04.24 14:00:32.765,43.93,43.94,43.93,100.00,Sell
2023.04.24 14:00:32.765,43.93,43.94,43.93,100.00,Sell
2023.04.24 14:00:36.303,43.93,43.94,43.93,100.00,Sell
2023.04.24 14:00:36.310,43.93,43.94,43.93,100.00,Sell
2023.04.24 14:00:36.313,43.93,43.94,43.93,100.00,Sell
2023.04.24 14:00:38.002,43.92,43.93,43.93,100.00,Buy
2023.04.24 14:00:38.504,43.92,43.93,43.93,100.00,Buy
2023.04.24 14:00:40.258,43.92,43.93,43.93,500.00,Buy
2023.04.24 14:00:45.032,43.92,43.93,43.92,100.00,Sell
2023.04.24 14:00:51.120,43.91,43.92,43.92,100.00,Buy
2023.04.24 14:00:55.435,43.90,43.91,43.91,100.00,Buy
2023.04.24 14:00:55.435,43.90,43.91,43.91,100.00,Buy
2023.04.24 14:00:55.435,43.90,43.91,43.91,100.00,Buy
2023.04.24 14:01:00.236,43.90,43.91,43.90,800.00,Sell
2023.04.24 14:01:00.263,43.90,43.91,43.90,900.00,Sell
2023.04.24 14:01:00.393,43.90,43.91,43.91,100.00,Buy
2023.04.24 14:01:00.393,43.90,43.91,43.91,100.00,Buy
2023.04.24 14:01:00.408,43.90,43.91,43.91,100.00,Buy
2023.04.24 14:01:00.408,43.90,43.91,43.91,400.00,Buy
2023.04.24 14:01:00.408,43.90,43.91,43.91,300.00,Buy
2023.04.24 14:01:00.408,43.90,43.91,43.91,100.00,Buy
2023.04.24 14:01:00.408,43.90,43.91,43.91,100.00,Buy
2023.04.24 14:01:00.408,43.90,43.91,43.91,100.00,Buy
2023.04.24 14:01:01.664,43.89,43.90,43.91,100.00,Buy
2023.04.24 14:01:01.664,43.89,43.90,43.90,117.00,Buy
2023.04.24 14:01:01.664,43.89,43.90,43.90,502.00,Buy
2023.04.24 14:01:01.664,43.89,43.90,43.90,200.00,Buy
2023.04.24 14:01:01.664,43.89,43.90,43.90,100.00,Buy
2023.04.24 14:01:01.664,43.89,43.90,43.90,100.00,Buy
2023.04.24 14:01:01.664,43.89,43.90,43.90,200.00,Buy
2023.04.24 14:01:01.664,43.89,43.90,43.90,100.00,Buy
2023.04.24 14:01:01.664,43.89,43.90,43.90,134.00,Buy
2023.04.24 14:01:01.664,43.89,43.90,43.90,134.00,Buy
2023.04.24 14:01:01.683,43.89,43.90,43.90,100.00,Buy
2023.04.24 14:01:07.477,43.89,43.90,43.90,100.00,Buy
2023.04.24 14:01:07.477,43.89,43.90,43.90,100.00,Buy
2023.04.24 14:01:07.477,43.89,43.90,43.90,100.00,Buy
2023.04.24 14:01:07.477,43.89,43.90,43.90,100.00,Buy
2023.04.24 14:01:07.477,43.89,43.90,43.90,134.00,Buy
2023.04.24 14:01:07.477,43.89,43.90,43.90,100.00,Buy
2023.04.24 14:01:13.331,43.89,43.90,43.89,100.00,Sell
2023.04.24 14:01:15.568,43.89,43.90,43.89,100.00,Sell
2023.04.24 14:01:15.568,43.89,43.90,43.89,100.00,Sell
2023.04.24 14:01:21.080,43.89,43.90,43.90,100.00,Buy
2023.04.24 14:01:21.080,43.89,43.90,43.90,295.00,Buy
2023.04.24 14:01:21.080,43.89,43.90,43.90,100.00,Buy
2023.04.24 14:01:21.080,43.89,43.90,43.91,100.00,Buy
2023.04.24 14:01:21.080,43.89,43.90,43.91,100.00,Buy
2023.04.24 14:01:21.080,43.89,43.90,43.91,200.00,Buy
2023.04.24 14:01:21.080,43.89,43.90,43.91,100.00,Buy
2023.04.24 14:01:21.089,43.89,43.90,43.92,100.00,Buy
2023.04.24 14:01:22.284,43.91,43.92,43.91,100.00,Sell
2023.04.24 14:01:26.421,43.91,43.92,43.92,100.00,Buy
2023.04.24 14:01:30.524,43.94,43.95,43.93,100.00,Sell
2023.04.24 14:01:30.524,43.94,43.95,43.93,100.00,Sell
2023.04.24 14:01:30.539,43.93,43.94,43.94,100.00,Buy
2023.04.24 14:01:30.539,43.93,43.94,43.94,100.00,Buy
2023.04.24 14:01:30.539,43.93,43.94,43.94,100.00,Buy
2023.04.24 14:01:30.539,43.93,43.94,43.94,100.00,Buy
2023.04.24 14:01:31.681,43.93,43.95,43.94,100.00,Buy/Sell
2023.04.24 14:01:31.681,43.93,43.95,43.94,100.00,Buy/Sell
2023.04.24 14:01:34.219,43.94,43.95,43.95,400.00,Buy
2023.04.24 14:01:34.219,43.94,43.95,43.95,100.00,Buy
2023.04.24 14:01:34.219,43.94,43.95,43.95,100.00,Buy
2023.04.24 14:01:34.219,43.94,43.95,43.95,100.00,Buy
2023.04.24 14:01:34.235,43.94,43.95,43.95,100.00,Buy
2023.04.24 14:01:34.235,43.94,43.95,43.95,100.00,Buy
2023.04.24 14:01:34.235,43.94,43.95,43.95,100.00,Buy
2023.04.24 14:01:34.790,43.95,43.96,43.95,100.00,Sell
2023.04.24 14:01:36.290,43.96,43.97,43.96,100.00,Sell
2023.04.24 14:01:36.290,43.96,43.97,43.96,100.00,Sell
2023.04.24 14:01:39.270,43.96,43.97,43.97,200.00,Buy
2023.04.24 14:01:39.270,43.96,43.97,43.97,100.00,Buy
2023.04.24 14:01:39.270,43.96,43.97,43.97,100.00,Buy
2023.04.24 14:01:39.270,43.96,43.97,43.97,100.00,Buy
2023.04.24 14:01:40.260,43.96,43.97,43.97,198.00,Buy
2023.04.24 14:01:43.706,43.96,43.97,43.97,1094.00,Buy
2023.04.24 14:01:55.022,43.96,43.97,43.97,100.00,Buy
2023.04.24 14:01:57.463,43.96,43.97,43.97,100.00,Buy
2023.04.24 14:01:57.463,43.96,43.97,43.97,100.00,Buy
2023.04.24 14:01:57.471,43.96,43.97,43.97,100.00,Buy
2023.04.24 14:01:57.471,43.96,43.97,43.97,100.00,Buy
2023.04.24 14:01:58.250,43.96,43.97,43.97,200.00,Buy
2023.04.24 14:02:01.784,43.96,43.97,43.97,600.00,Buy
2023.04.24 14:02:03.006,43.96,43.97,43.96,264.00,Sell
2023.04.24 14:02:03.006,43.96,43.97,43.96,100.00,Sell
2023.04.24 14:02:03.006,43.96,43.97,43.96,100.00,Sell
2023.04.24 14:02:03.006,43.96,43.97,43.96,100.00,Sell
2023.04.24 14:02:03.006,43.96,43.97,43.96,100.00,Sell
2023.04.24 14:02:03.006,43.96,43.97,43.96,100.00,Sell
2023.04.24 14:02:03.122,43.95,43.96,43.96,100.00,Buy
2023.04.24 14:02:12.246,43.96,43.97,43.96,108.00,Sell
2023.04.24 14:02:12.246,43.96,43.97,43.96,100.00,Sell
2023.04.24 14:02:12.246,43.96,43.97,43.96,100.00,Sell
2023.04.24 14:02:15.280,43.95,43.96,43.96,100.00,Buy
2023.04.24 14:02:37.230,43.95,43.96,43.96,200.00,Buy
2023.04.24 14:02:38.107,43.95,43.96,43.95,100.00,Sell
2023.04.24 14:02:38.107,43.95,43.96,43.95,100.00,Sell
2023.04.24 14:02:38.107,43.94,43.95,43.95,100.00,Buy
2023.04.24 14:02:38.109,43.94,43.95,43.95,100.00,Buy
2023.04.24 14:02:40.725,43.95,43.96,43.95,100.00,Sell
2023.04.24 14:02:41.722,43.95,43.96,43.95,100.00,Sell
2023.04.24 14:02:59.617,43.95,43.96,43.95,100.00,Sell
2023.04.24 14:03:00.398,43.94,43.95,43.95,100.00,Buy
2023.04.24 14:03:00.398,43.94,43.95,43.95,100.00,Buy
2023.04.24 14:03:00.806,43.93,43.94,43.94,200.00,Buy
2023.04.24 14:03:00.806,43.93,43.94,43.94,100.00,Buy
2023.04.24 14:03:00.806,43.93,43.94,43.94,200.00,Buy
2023.04.24 14:03:00.806,43.93,43.94,43.94,200.00,Buy
2023.04.24 14:03:00.814,43.93,43.94,43.93,100.00,Sell
2023.04.24 14:03:01.235,43.93,43.94,43.93,100.00,Sell
2023.04.24 14:03:06.862,43.93,43.94,43.94,100.00,Buy
2023.04.24 14:03:06.862,43.93,43.94,43.93,100.00,Sell
2023.04.24 14:03:07.628,43.93,43.94,43.93,100.00,Sell
