Local time,Ask,Bid,AskVolume,BidVolume
19.08.2024 00:00:00.062 GMT+0200,1.1027500000000001,1.10254,1.8,0.45
19.08.2024 00:00:00.165 GMT+0200,1.1027600000000002,1.10254,1.8,0.45
19.08.2024 00:00:00.218 GMT+0200,1.10277,1.10251,1.8,0.35
19.08.2024 00:00:00.270 GMT+0200,1.10277,1.10257,0.9,0.9
19.08.2024 00:00:00.325 GMT+0200,1.1028200000000001,1.1025,0.9,0.45
19.08.2024 00:00:00.378 GMT+0200,1.10283,1.10271,0.9,0.9
19.08.2024 00:00:00.480 GMT+0200,1.10283,1.10246,0.9,1.32
19.08.2024 00:00:00.734 GMT+0200,1.10284,1.10246,0.9,1.32
19.08.2024 00:00:00.888 GMT+0200,1.10284,1.10248,0.9,0.45
19.08.2024 00:00:00.991 GMT+0200,1.10283,1.1025200000000002,0.9,0.9
19.08.2024 00:00:01.095 GMT+0200,1.1028600000000002,1.10253,0.9,0.9
19.08.2024 00:00:01.148 GMT+0200,1.1028200000000001,1.10259,0.9,0.9
19.08.2024 00:00:01.250 GMT+0200,1.1026500000000001,1.10259,0.45,0.9
19.08.2024 00:00:01.353 GMT+0200,1.10283,1.10258,0.9,0.9
19.08.2024 00:00:01.456 GMT+0200,1.1028200000000001,1.10259,0.9,0.9
19.08.2024 00:00:01.508 GMT+0200,1.1028,1.10259,0.9,0.9
19.08.2024 00:00:01.612 GMT+0200,1.10283,1.10254,0.9,0.9
19.08.2024 00:00:01.715 GMT+0200,1.10289,1.1026799999999999,0.45,0.9
19.08.2024 00:00:01.819 GMT+0200,1.10293,1.1027,1.35,0.9
19.08.2024 00:00:01.921 GMT+0200,1.10293,1.10273,0.9,0.9
19.08.2024 00:00:02.023 GMT+0200,1.1029200000000001,1.10273,0.9,0.9
19.08.2024 00:00:02.075 GMT+0200,1.10294,1.10273,0.9,0.9
19.08.2024 00:00:02.179 GMT+0200,1.1029,1.10273,0.9,0.9
19.08.2024 00:00:02.231 GMT+0200,1.1029,1.10261,0.9,0.9
19.08.2024 00:00:02.637 GMT+0200,1.1029200000000001,1.10261,0.45,0.9
19.08.2024 00:00:02.740 GMT+0200,1.1029200000000001,1.10288,0.45,0.9
19.08.2024 00:00:02.844 GMT+0200,1.10293,1.1029200000000001,0.9,0.9
19.08.2024 00:00:02.947 GMT+0200,1.10298,1.1029700000000002,0.9,0.9
19.08.2024 00:00:03.050 GMT+0200,1.10298,1.1029700000000002,1.8,0.9
19.08.2024 00:00:03.152 GMT+0200,1.10305,1.10233,0.9,0.45
19.08.2024 00:00:03.204 GMT+0200,1.10305,1.10279,0.9,0.9
19.08.2024 00:00:03.408 GMT+0200,1.10301,1.1023100000000001,1.8,0.45
19.08.2024 00:00:03.918 GMT+0200,1.1029700000000002,1.10233,0.9,0.45
19.08.2024 00:00:03.969 GMT+0200,1.1029700000000002,1.1023100000000001,0.9,0.45
19.08.2024 00:00:04.022 GMT+0200,1.10295,1.10271,0.9,0.45
19.08.2024 00:00:04.125 GMT+0200,1.10294,1.1027500000000001,0.9,0.9
19.08.2024 00:00:04.228 GMT+0200,1.10294,1.10279,0.9,0.9
19.08.2024 00:00:04.331 GMT+0200,1.1029600000000002,1.10281,1.8,0.9
19.08.2024 00:00:04.741 GMT+0200,1.1029600000000002,1.10284,1.8,0.9
19.08.2024 00:00:04.844 GMT+0200,1.1029600000000002,1.10281,0.9,0.9
19.08.2024 00:00:05.150 GMT+0200,1.1029600000000002,1.10284,0.9,0.9
19.08.2024 00:00:05.252 GMT+0200,1.1029600000000002,1.10285,0.9,0.9
19.08.2024 00:00:05.558 GMT+0200,1.1029600000000002,1.10295,0.9,0.09
19.08.2024 00:00:05.661 GMT+0200,1.10298,1.10285,0.9,0.9
19.08.2024 00:00:05.764 GMT+0200,1.10295,1.10285,0.9,0.9
19.08.2024 00:00:05.867 GMT+0200,1.1029,1.10257,0.9,0.9
19.08.2024 00:00:05.970 GMT+0200,1.1029200000000001,1.10263,0.9,0.9
19.08.2024 00:00:06.075 GMT+0200,1.10294,1.10271,0.9,0.9
19.08.2024 00:00:06.127 GMT+0200,1.1029600000000002,1.10271,0.9,0.9
19.08.2024 00:00:06.178 GMT+0200,1.10295,1.10274,0.9,0.9
19.08.2024 00:00:06.384 GMT+0200,1.10295,1.10279,0.9,0.9
19.08.2024 00:00:06.487 GMT+0200,1.10295,1.1028200000000001,0.9,0.9
19.08.2024 00:00:06.591 GMT+0200,1.1029700000000002,1.1028600000000002,0.9,0.9
19.08.2024 00:00:06.694 GMT+0200,1.10295,1.1029,4.5,0.9
19.08.2024 00:00:06.898 GMT+0200,1.10294,1.1029,4.5,0.9
19.08.2024 00:00:07.053 GMT+0200,1.10295,1.10294,4.5,0.54
19.08.2024 00:00:07.157 GMT+0200,1.10293,1.10281,0.9,0.54
19.08.2024 00:00:07.261 GMT+0200,1.10294,1.10281,0.9,0.54
19.08.2024 00:00:07.313 GMT+0200,1.10298,1.1027,0.9,0.9
19.08.2024 00:00:07.366 GMT+0200,1.10299,1.1027500000000001,1.8,0.9
19.08.2024 00:00:07.471 GMT+0200,1.10298,1.10281,1.8,0.9
19.08.2024 00:00:07.679 GMT+0200,1.10298,1.10295,5.4,0.14
19.08.2024 00:00:07.782 GMT+0200,1.10298,1.10281,4.5,0.9
19.08.2024 00:00:07.886 GMT+0200,1.1029600000000002,1.10281,4.5,0.9
19.08.2024 00:00:08.144 GMT+0200,1.1029700000000002,1.10281,4.5,0.9
19.08.2024 00:00:08.400 GMT+0200,1.10298,1.10285,4.5,0.9
19.08.2024 00:00:08.655 GMT+0200,1.1029600000000002,1.10285,4.5,0.9
19.08.2024 00:00:08.912 GMT+0200,1.10299,1.10285,4.5,0.9
19.08.2024 00:00:09.064 GMT+0200,1.10294,1.10285,0.9,0.9
19.08.2024 00:00:09.117 GMT+0200,1.10294,1.1027500000000001,0.9,0.9
19.08.2024 00:00:09.221 GMT+0200,1.10293,1.1026600000000002,0.9,0.9
19.08.2024 00:00:09.324 GMT+0200,1.10294,1.10269,5.4,0.9
19.08.2024 00:00:09.427 GMT+0200,1.10293,1.10269,4.5,0.9
19.08.2024 00:00:09.630 GMT+0200,1.10293,1.10273,4.5,0.9
19.08.2024 00:00:09.884 GMT+0200,1.10293,1.1027500000000001,0.9,0.9
19.08.2024 00:00:10.139 GMT+0200,1.10293,1.1028,0.9,0.9
19.08.2024 00:00:10.293 GMT+0200,1.1029200000000001,1.10281,0.9,0.9
19.08.2024 00:00:10.397 GMT+0200,1.1029200000000001,1.10284,0.9,0.9
19.08.2024 00:00:10.801 GMT+0200,1.1029200000000001,1.10285,0.9,0.9
19.08.2024 00:00:11.106 GMT+0200,1.1029200000000001,1.1028600000000002,0.9,0.9
19.08.2024 00:00:11.310 GMT+0200,1.1029200000000001,1.10289,5.4,0.9
19.08.2024 00:00:12.069 GMT+0200,1.10291,1.10289,4.5,0.9
19.08.2024 00:00:12.323 GMT+0200,1.10295,1.10289,4.5,0.9
19.08.2024 00:00:12.827 GMT+0200,1.10295,1.1029,4.5,0.9
19.08.2024 00:00:12.930 GMT+0200,1.10294,1.1029,4.5,0.9
19.08.2024 00:00:13.033 GMT+0200,1.10294,1.1028600000000002,4.5,1.8
19.08.2024 00:00:13.490 GMT+0200,1.10295,1.1028600000000002,4.5,1.8
19.08.2024 00:00:14.500 GMT+0200,1.1029700000000002,1.1028600000000002,4.5,0.9
19.08.2024 00:00:14.655 GMT+0200,1.1029700000000002,1.1027600000000002,4.5,0.9
19.08.2024 00:00:14.757 GMT+0200,1.10294,1.1027600000000002,4.5,0.9
19.08.2024 00:00:15.011 GMT+0200,1.10293,1.1027600000000002,4.5,0.9
19.08.2024 00:00:15.718 GMT+0200,1.1029600000000002,1.1027600000000002,4.5,0.9
19.08.2024 00:00:16.177 GMT+0200,1.1029600000000002,1.10281,0.9,0.9
19.08.2024 00:00:16.280 GMT+0200,1.10293,1.1027500000000001,0.9,0.9
19.08.2024 00:00:16.332 GMT+0200,1.1029700000000002,1.1027500000000001,5.4,0.9
19.08.2024 00:00:16.434 GMT+0200,1.10295,1.1027600000000002,4.5,0.9
19.08.2024 00:00:16.589 GMT+0200,1.10295,1.1027500000000001,4.5,0.9
19.08.2024 00:00:16.694 GMT+0200,1.103,1.1028200000000001,0.9,0.9
19.08.2024 00:00:16.799 GMT+0200,1.103,1.1027799999999999,0.9,0.9
19.08.2024 00:00:16.903 GMT+0200,1.103,1.10267,0.9,0.9
19.08.2024 00:00:17.006 GMT+0200,1.10299,1.10267,0.9,0.9
19.08.2024 00:00:17.109 GMT+0200,1.10299,1.1027,0.9,0.9
19.08.2024 00:00:17.212 GMT+0200,1.103,1.1027,4.5,0.9
19.08.2024 00:00:17.416 GMT+0200,1.10299,1.1027,4.5,0.9
19.08.2024 00:00:20.247 GMT+0200,1.10299,1.1027500000000001,4.5,0.9
19.08.2024 00:00:20.553 GMT+0200,1.10299,1.10271,4.5,0.9
19.08.2024 00:00:20.657 GMT+0200,1.10299,1.1026600000000002,4.5,0.9
19.08.2024 00:00:20.760 GMT+0200,1.1029700000000002,1.1026600000000002,0.9,0.9
19.08.2024 00:00:20.863 GMT+0200,1.10299,1.1026600000000002,0.9,0.9
19.08.2024 00:00:20.966 GMT+0200,1.10298,1.10269,4.5,0.9
19.08.2024 00:00:21.222 GMT+0200,1.10299,1.10269,5.4,0.9
19.08.2024 00:00:21.430 GMT+0200,1.1029600000000002,1.10271,0.9,0.9
19.08.2024 00:00:21.587 GMT+0200,1.1029700000000002,1.1027,0.9,0.9
19.08.2024 00:00:21.639 GMT+0200,1.10299,1.1027,0.9,0.9
19.08.2024 00:00:21.846 GMT+0200,1.10298,1.1026,0.9,1.35
19.08.2024 00:00:21.949 GMT+0200,1.10299,1.1026,4.5,2.7
19.08.2024 00:00:22.051 GMT+0200,1.10298,1.1026,0.9,1.8
19.08.2024 00:00:22.562 GMT+0200,1.10293,1.1026,4.5,1.8
19.08.2024 00:00:22.666 GMT+0200,1.10293,1.1026500000000001,4.5,0.9
19.08.2024 00:00:22.820 GMT+0200,1.1029700000000002,1.1026500000000001,0.9,0.9
19.08.2024 00:00:22.974 GMT+0200,1.10298,1.1026600000000002,0.9,0.9
19.08.2024 00:00:23.078 GMT+0200,1.10298,1.10271,0.9,0.9
19.08.2024 00:00:24.293 GMT+0200,1.103,1.1027500000000001,5.4,0.9
19.08.2024 00:00:24.496 GMT+0200,1.10299,1.1027500000000001,4.5,0.9
19.08.2024 00:00:24.600 GMT+0200,1.10299,1.1028,4.5,0.9
19.08.2024 00:00:24.806 GMT+0200,1.10299,1.10273,4.5,0.9
19.08.2024 00:00:24.908 GMT+0200,1.10299,1.10271,4.5,4.5
19.08.2024 00:00:25.010 GMT+0200,1.10301,1.1027,4.5,0.9
19.08.2024 00:00:26.276 GMT+0200,1.103,1.1027,4.5,0.9
19.08.2024 00:00:26.378 GMT+0200,1.103,1.10271,4.5,0.9
19.08.2024 00:00:26.532 GMT+0200,1.10301,1.10271,2.7,0.9
19.08.2024 00:00:26.786 GMT+0200,1.103,1.10271,4.5,0.9
19.08.2024 00:00:28.254 GMT+0200,1.10299,1.1027,0.9,0.9
19.08.2024 00:00:28.358 GMT+0200,1.10299,1.10267,0.9,0.9
19.08.2024 00:00:28.460 GMT+0200,1.10298,1.10267,0.9,0.9
19.08.2024 00:00:28.563 GMT+0200,1.10298,1.1026500000000001,0.9,0.9
19.08.2024 00:00:28.766 GMT+0200,1.10299,1.1026500000000001,6.3,0.9
19.08.2024 00:00:29.677 GMT+0200,1.1029700000000002,1.1026500000000001,0.9,0.9
19.08.2024 00:00:30.082 GMT+0200,1.10283,1.1026500000000001,0.9,0.9
19.08.2024 00:00:30.591 GMT+0200,1.10284,1.1026500000000001,0.9,0.9
19.08.2024 00:00:30.695 GMT+0200,1.1028600000000002,1.10263,0.9,0.9
19.08.2024 00:00:30.748 GMT+0200,1.10285,1.1026600000000002,0.9,0.9
19.08.2024 00:00:30.801 GMT+0200,1.10287,1.1026200000000002,0.9,0.9
19.08.2024 00:00:30.855 GMT+0200,1.10294,1.1026,0.9,1.35
19.08.2024 00:00:30.959 GMT+0200,1.1029600000000002,1.10263,4.5,0.9
19.08.2024 00:00:31.062 GMT+0200,1.1029600000000002,1.10267,4.5,0.9
19.08.2024 00:00:31.114 GMT+0200,1.103,1.10267,0.9,0.9
19.08.2024 00:00:31.167 GMT+0200,1.103,1.10269,0.9,0.9
19.08.2024 00:00:31.272 GMT+0200,1.1030200000000001,1.10273,6.3,0.9
19.08.2024 00:00:31.375 GMT+0200,1.103,1.10273,4.5,0.9
19.08.2024 00:00:31.579 GMT+0200,1.103,1.10274,4.5,0.9
19.08.2024 00:00:31.683 GMT+0200,1.10299,1.10277,4.5,0.9
19.08.2024 00:00:31.838 GMT+0200,1.1029700000000002,1.10277,4.5,0.9
19.08.2024 00:00:31.890 GMT+0200,1.1029700000000002,1.10271,4.5,0.9
19.08.2024 00:00:31.993 GMT+0200,1.1029700000000002,1.1027500000000001,4.5,0.9
19.08.2024 00:00:32.096 GMT+0200,1.10298,1.1027600000000002,4.5,0.9
19.08.2024 00:00:32.604 GMT+0200,1.10289,1.1027600000000002,0.9,0.9
19.08.2024 00:00:33.267 GMT+0200,1.1029700000000002,1.1029,1.35,0.9
19.08.2024 00:00:33.320 GMT+0200,1.10299,1.10291,3.45,3.6
19.08.2024 00:00:33.424 GMT+0200,1.10299,1.1029,0.9,0.9
19.08.2024 00:00:33.733 GMT+0200,1.103,1.1029200000000001,1.2,1.35
19.08.2024 00:00:33.837 GMT+0200,1.103,1.10299,0.9,0.9
19.08.2024 00:00:33.890 GMT+0200,1.1030200000000001,1.1029600000000002,4.35,2.25
19.08.2024 00:00:33.994 GMT+0200,1.10298,1.1029700000000002,4.35,1.35
19.08.2024 00:00:34.098 GMT+0200,1.1030200000000001,1.10293,4.35,4.95
19.08.2024 00:00:38.949 GMT+0200,1.1030200000000001,1.10298,3.45,1.35
19.08.2024 00:00:39.866 GMT+0200,1.10303,1.103,0.9,0.45
19.08.2024 00:00:39.970 GMT+0200,1.1030200000000001,1.10298,1.35,3.6
19.08.2024 00:00:48.397 GMT+0200,1.10304,1.10298,0.9,4.05
19.08.2024 00:00:48.500 GMT+0200,1.1030600000000002,1.10298,4.5,4.05
19.08.2024 00:00:48.601 GMT+0200,1.1030700000000002,1.10298,4.5,4.05
19.08.2024 00:00:55.247 GMT+0200,1.1030700000000002,1.1030200000000001,2.25,0.45
19.08.2024 00:00:55.299 GMT+0200,1.1030900000000001,1.10303,5.4,2.25
19.08.2024 00:00:55.403 GMT+0200,1.1030900000000001,1.10305,4.5,1.34
19.08.2024 00:00:55.508 GMT+0200,1.1031600000000001,1.10308,0.9,4.05
19.08.2024 00:00:55.560 GMT+0200,1.1031600000000001,1.10313,0.9,1.35
19.08.2024 00:00:55.613 GMT+0200,1.1031900000000001,1.10313,2.7,1.35
19.08.2024 00:00:55.667 GMT+0200,1.1031700000000002,1.10313,0.9,1.35
19.08.2024 00:00:55.721 GMT+0200,1.10315,1.10308,0.9,1.8
19.08.2024 00:00:57.351 GMT+0200,1.10311,1.10308,11.25,1.35
19.08.2024 00:00:57.455 GMT+0200,1.10312,1.1030600000000002,2.7,0.9
19.08.2024 00:00:57.557 GMT+0200,1.10312,1.10303,2.7,3.15
19.08.2024 00:01:00.186 GMT+0200,1.10312,1.10308,2.25,1.35
19.08.2024 00:01:00.290 GMT+0200,1.1031700000000002,1.10308,8.55,2.7
19.08.2024 00:01:01.658 GMT+0200,1.1031700000000002,1.10313,2.7,0.9
19.08.2024 00:01:01.710 GMT+0200,1.1031900000000001,1.10313,0.9,2.7
19.08.2024 00:01:01.812 GMT+0200,1.10322,1.10313,4.5,4.95
19.08.2024 00:01:05.293 GMT+0200,1.10321,1.10313,0.9,4.95
19.08.2024 00:01:05.396 GMT+0200,1.10322,1.10313,4.5,4.95
19.08.2024 00:01:05.601 GMT+0200,1.1032,1.10313,0.9,4.95
19.08.2024 00:01:05.959 GMT+0200,1.10322,1.10318,2.25,1.8
19.08.2024 00:01:06.062 GMT+0200,1.10322,1.10313,3.15,7.65
19.08.2024 00:01:07.834 GMT+0200,1.10321,1.10313,0.9,6.3
19.08.2024 00:01:12.069 GMT+0200,1.1032,1.10313,0.9,2.7
19.08.2024 00:01:12.172 GMT+0200,1.1032,1.1031,1.8,5.85
19.08.2024 00:01:12.377 GMT+0200,1.10318,1.1031,1.35,1.35
19.08.2024 00:01:12.580 GMT+0200,1.1031900000000001,1.1031,0.9,1.35
19.08.2024 00:01:12.836 GMT+0200,1.1032,1.10314,1.8,0.45
19.08.2024 00:01:15.963 GMT+0200,1.10323,1.1031700000000002,0.9,0.45
19.08.2024 00:01:16.070 GMT+0200,1.10324,1.10323,0.9,1.35
19.08.2024 00:01:16.122 GMT+0200,1.10325,1.10323,4.5,5.85
19.08.2024 00:01:16.226 GMT+0200,1.1033,1.10323,0.9,5.85
19.08.2024 00:01:18.601 GMT+0200,1.10329,1.10323,0.9,5.85
19.08.2024 00:01:23.993 GMT+0200,1.1033,1.10323,0.9,5.4
19.08.2024 00:01:25.129 GMT+0200,1.1033,1.1032600000000001,0.9,0.9
19.08.2024 00:01:27.394 GMT+0200,1.10329,1.10328,1.8,1.35
19.08.2024 00:01:27.598 GMT+0200,1.1033,1.10328,0.9,4.5
19.08.2024 00:01:27.702 GMT+0200,1.10331,1.10328,0.9,4.95
19.08.2024 00:01:28.562 GMT+0200,1.10331,1.10329,0.9,0.9
19.08.2024 00:01:29.070 GMT+0200,1.10334,1.10333,2.7,0.45
19.08.2024 00:01:29.174 GMT+0200,1.10338,1.10333,4.5,2.25
19.08.2024 00:01:29.328 GMT+0200,1.1033700000000002,1.10333,0.9,2.25
19.08.2024 00:01:29.382 GMT+0200,1.1033700000000002,1.10331,0.45,0.9
19.08.2024 00:01:29.484 GMT+0200,1.1033700000000002,1.10328,2.25,6.75
19.08.2024 00:01:30.095 GMT+0200,1.10334,1.10328,0.9,5.4
19.08.2024 00:01:31.615 GMT+0200,1.10331,1.10328,0.9,4.05
19.08.2024 00:01:31.668 GMT+0200,1.10333,1.10328,0.9,5.4
19.08.2024 00:01:31.771 GMT+0200,1.10334,1.10328,0.9,5.4
19.08.2024 00:01:31.975 GMT+0200,1.10335,1.10328,1.8,5.4
19.08.2024 00:01:32.028 GMT+0200,1.10332,1.1032700000000002,0.9,3.6
19.08.2024 00:01:32.131 GMT+0200,1.10333,1.10328,0.9,3.15
19.08.2024 00:01:32.338 GMT+0200,1.10334,1.10328,0.9,3.6
19.08.2024 00:01:33.047 GMT+0200,1.1033600000000001,1.10328,4.5,4.5
19.08.2024 00:01:33.152 GMT+0200,1.1033700000000002,1.10328,1.8,2.7
19.08.2024 00:01:33.254 GMT+0200,1.1033600000000001,1.10328,0.9,4.95
19.08.2024 00:01:39.302 GMT+0200,1.10333,1.10328,0.9,2.25
19.08.2024 00:01:39.405 GMT+0200,1.10333,1.1032600000000001,0.9,0.9
19.08.2024 00:01:39.509 GMT+0200,1.10334,1.10324,0.9,5.4
19.08.2024 00:01:39.714 GMT+0200,1.10335,1.10328,0.9,4.95
19.08.2024 00:01:41.386 GMT+0200,1.1033,1.10328,0.9,2.25
19.08.2024 00:01:41.439 GMT+0200,1.1033,1.1032600000000001,0.9,0.9
19.08.2024 00:01:41.542 GMT+0200,1.1033,1.10324,0.9,4.5
19.08.2024 00:01:41.645 GMT+0200,1.1033,1.10323,0.9,3.6
19.08.2024 00:01:42.256 GMT+0200,1.10331,1.10323,0.9,5.4
19.08.2024 00:01:42.359 GMT+0200,1.10332,1.10323,0.9,6.75
19.08.2024 00:01:42.868 GMT+0200,1.10333,1.1032700000000002,2.7,0.45
19.08.2024 00:01:42.920 GMT+0200,1.10333,1.10325,2.7,0.9
19.08.2024 00:01:45.394 GMT+0200,1.10331,1.10325,0.9,0.9
19.08.2024 00:01:45.499 GMT+0200,1.10333,1.10324,0.9,0.9
19.08.2024 00:01:46.412 GMT+0200,1.10334,1.1032700000000002,0.9,0.45
19.08.2024 00:01:46.464 GMT+0200,1.10334,1.10324,0.9,2.25
19.08.2024 00:01:47.377 GMT+0200,1.10331,1.10324,0.9,0.9
19.08.2024 00:01:47.430 GMT+0200,1.10333,1.10324,0.9,1.8
19.08.2024 00:01:49.851 GMT+0200,1.10332,1.10324,0.9,1.8
19.08.2024 00:01:49.903 GMT+0200,1.10334,1.10324,0.9,1.8
19.08.2024 00:01:49.955 GMT+0200,1.10334,1.1032600000000001,0.9,0.9
19.08.2024 00:01:50.058 GMT+0200,1.10334,1.10325,0.9,0.9
19.08.2024 00:01:50.365 GMT+0200,1.10334,1.10324,0.9,0.9
19.08.2024 00:01:51.479 GMT+0200,1.1033600000000001,1.10328,1.8,0.45
19.08.2024 00:01:51.584 GMT+0200,1.10339,1.1033600000000001,0.9,0.9
19.08.2024 00:01:51.687 GMT+0200,1.1034000000000002,1.10335,4.5,0.9
19.08.2024 00:01:51.739 GMT+0200,1.10342,1.10335,4.5,0.9
19.08.2024 00:01:52.899 GMT+0200,1.10341,1.10335,0.9,0.9
19.08.2024 00:01:58.456 GMT+0200,1.10341,1.1033700000000002,0.9,0.45
19.08.2024 00:01:58.560 GMT+0200,1.10341,1.10334,0.9,4.05
19.08.2024 00:02:03.189 GMT+0200,1.1034000000000002,1.10334,0.9,1.8
19.08.2024 00:02:04.046 GMT+0200,1.1034000000000002,1.10335,0.9,0.9
19.08.2024 00:02:11.138 GMT+0200,1.1033700000000002,1.10333,4.5,2.7
19.08.2024 00:02:11.241 GMT+0200,1.10335,1.10331,0.9,4.5
19.08.2024 00:02:11.345 GMT+0200,1.1033600000000001,1.10331,0.9,4.5
19.08.2024 00:02:11.397 GMT+0200,1.1033600000000001,1.10329,0.9,0.9
19.08.2024 00:02:13.165 GMT+0200,1.1033600000000001,1.10328,0.9,2.7
19.08.2024 00:02:15.584 GMT+0200,1.10335,1.10328,0.9,4.05
19.08.2024 00:02:18.858 GMT+0200,1.1033600000000001,1.10331,0.9,0.45
19.08.2024 00:02:18.911 GMT+0200,1.1033700000000002,1.10328,2.7,9.45
19.08.2024 00:02:18.963 GMT+0200,1.1033700000000002,1.10331,0.9,0.9
19.08.2024 00:02:19.065 GMT+0200,1.1033700000000002,1.1033,0.9,0.9
19.08.2024 00:02:19.171 GMT+0200,1.1033700000000002,1.10333,0.9,4.05
19.08.2024 00:02:19.274 GMT+0200,1.1033700000000002,1.1033,0.9,0.9
19.08.2024 00:02:19.982 GMT+0200,1.10334,1.1033,2.7,2.7
19.08.2024 00:02:20.085 GMT+0200,1.10334,1.10328,0.9,3.6
19.08.2024 00:02:20.591 GMT+0200,1.10334,1.10329,2.7,1.8
19.08.2024 00:02:22.954 GMT+0200,1.10335,1.10328,0.9,3.6
19.08.2024 00:02:27.601 GMT+0200,1.1033600000000001,1.10328,1.8,4.5
19.08.2024 00:02:27.703 GMT+0200,1.1033600000000001,1.10329,0.9,0.9
19.08.2024 00:02:30.119 GMT+0200,1.1033600000000001,1.10328,0.9,5.85
19.08.2024 00:02:30.874 GMT+0200,1.1033600000000001,1.10329,0.9,1.8
19.08.2024 00:02:31.330 GMT+0200,1.1033600000000001,1.10328,1.8,3.15
19.08.2024 00:02:35.259 GMT+0200,1.10334,1.10328,0.9,0.9
19.08.2024 00:02:36.219 GMT+0200,1.10334,1.1032700000000002,0.9,2.25
19.08.2024 00:02:37.130 GMT+0200,1.10334,1.1032600000000001,0.9,0.9
19.08.2024 00:02:37.434 GMT+0200,1.10334,1.1032700000000002,0.9,1.8
19.08.2024 00:02:37.537 GMT+0200,1.10334,1.10324,0.9,0.9
19.08.2024 00:02:37.640 GMT+0200,1.10334,1.10323,0.9,11.7
19.08.2024 00:02:37.793 GMT+0200,1.10334,1.10325,0.9,1.8
19.08.2024 00:02:42.018 GMT+0200,1.10334,1.1032700000000002,0.9,0.45
19.08.2024 00:02:42.221 GMT+0200,1.10334,1.10328,0.9,2.25
19.08.2024 00:02:42.578 GMT+0200,1.10333,1.10325,0.9,1.8
19.08.2024 00:02:42.631 GMT+0200,1.10331,1.10324,0.9,7.2
19.08.2024 00:03:07.305 GMT+0200,1.10325,1.10323,0.9,2.43
19.08.2024 00:03:07.359 GMT+0200,1.10325,1.10321,0.9,0.9
19.08.2024 00:03:07.461 GMT+0200,1.10325,1.1032,0.9,2.7
19.08.2024 00:03:08.118 GMT+0200,1.10323,1.1032,0.45,2.7
19.08.2024 00:03:08.222 GMT+0200,1.1032,1.1031700000000002,0.9,0.9
19.08.2024 00:03:08.274 GMT+0200,1.1032,1.10315,0.9,1.8
19.08.2024 00:03:10.742 GMT+0200,1.1032,1.10314,0.9,1.8
19.08.2024 00:03:10.895 GMT+0200,1.1032,1.1031600000000001,0.9,4.5
19.08.2024 00:03:10.948 GMT+0200,1.1031900000000001,1.10314,0.9,5.4
19.08.2024 00:03:12.359 GMT+0200,1.1031900000000001,1.10313,0.9,3.85
19.08.2024 00:03:12.915 GMT+0200,1.1032,1.10314,0.9,0.9
19.08.2024 00:03:13.469 GMT+0200,1.1032,1.10315,0.9,1.8
19.08.2024 00:03:14.977 GMT+0200,1.10315,1.10314,0.9,1.8
19.08.2024 00:03:15.030 GMT+0200,1.10315,1.10312,0.9,0.9
19.08.2024 00:03:15.134 GMT+0200,1.10315,1.1031,0.9,7.2
19.08.2024 00:03:18.959 GMT+0200,1.10315,1.1030900000000001,0.9,1.8
19.08.2024 00:03:19.164 GMT+0200,1.10315,1.1031,0.9,0.9
19.08.2024 00:03:24.494 GMT+0200,1.10315,1.1030900000000001,0.9,1.8
19.08.2024 00:03:31.832 GMT+0200,1.10315,1.1031,0.9,0.9
19.08.2024 00:03:35.459 GMT+0200,1.10315,1.10311,0.9,0.9
19.08.2024 00:04:12.492 GMT+0200,1.1031,1.1030900000000001,0.9,3.6
19.08.2024 00:04:12.546 GMT+0200,1.10299,1.10298,0.9,2.7
19.08.2024 00:04:12.651 GMT+0200,1.10299,1.1029600000000002,0.9,1.8
19.08.2024 00:04:17.037 GMT+0200,1.10301,1.1029700000000002,1.8,0.9
19.08.2024 00:04:17.290 GMT+0200,1.1030200000000001,1.1029700000000002,5.85,0.9
19.08.2024 00:04:18.800 GMT+0200,1.1030200000000001,1.10295,4.95,0.9
19.08.2024 00:04:18.915 GMT+0200,1.10301,1.10295,0.9,0.9
19.08.2024 00:04:19.524 GMT+0200,1.1030200000000001,1.1029700000000002,4.05,0.9
19.08.2024 00:04:19.729 GMT+0200,1.10303,1.10299,4.5,0.9
19.08.2024 00:04:19.833 GMT+0200,1.1030700000000002,1.10299,5.4,0.9
19.08.2024 00:04:23.463 GMT+0200,1.1030700000000002,1.1030200000000001,4.5,0.9
19.08.2024 00:04:27.251 GMT+0200,1.1030900000000001,1.10303,0.9,0.9
19.08.2024 00:04:27.354 GMT+0200,1.10311,1.10303,0.9,0.9
19.08.2024 00:04:29.069 GMT+0200,1.10312,1.10303,5.85,0.9
19.08.2024 00:04:30.530 GMT+0200,1.10312,1.1030900000000001,1.8,0.9
19.08.2024 00:04:30.584 GMT+0200,1.10314,1.1030900000000001,0.9,0.9
19.08.2024 00:04:30.688 GMT+0200,1.1031600000000001,1.1030900000000001,4.5,0.9
19.08.2024 00:04:30.790 GMT+0200,1.1031700000000002,1.1030900000000001,4.95,0.9
19.08.2024 00:04:34.211 GMT+0200,1.10314,1.1031,2.25,0.9
19.08.2024 00:04:34.317 GMT+0200,1.10315,1.10313,1.8,0.9
19.08.2024 00:04:34.369 GMT+0200,1.1031900000000001,1.10313,2.7,0.9
19.08.2024 00:04:34.473 GMT+0200,1.10321,1.10313,2.7,0.9
19.08.2024 00:04:34.628 GMT+0200,1.10321,1.10314,1.8,0.9
19.08.2024 00:04:34.731 GMT+0200,1.10322,1.10314,7.2,0.9
19.08.2024 00:04:40.919 GMT+0200,1.10322,1.1031600000000001,6.3,0.9
19.08.2024 00:04:47.557 GMT+0200,1.10322,1.1031900000000001,4.5,0.9
19.08.2024 00:04:48.922 GMT+0200,1.10324,1.10321,3.15,1.8
19.08.2024 00:04:48.975 GMT+0200,1.10328,1.1032600000000001,4.5,0.9
19.08.2024 00:04:49.179 GMT+0200,1.10332,1.1032600000000001,5.85,0.9
19.08.2024 00:04:50.391 GMT+0200,1.10331,1.1032600000000001,0.9,0.9
19.08.2024 00:04:55.536 GMT+0200,1.10328,1.10325,2.25,0.9
19.08.2024 00:04:55.640 GMT+0200,1.10328,1.1032600000000001,0.9,0.9
19.08.2024 00:04:55.897 GMT+0200,1.1032700000000002,1.10323,3.15,0.9
19.08.2024 00:05:00.608 GMT+0200,1.1032700000000002,1.10324,3.6,0.9
19.08.2024 00:05:00.716 GMT+0200,1.1033,1.1032700000000002,4.5,0.9
19.08.2024 00:05:00.873 GMT+0200,1.10331,1.1032700000000002,0.9,0.9
19.08.2024 00:05:01.127 GMT+0200,1.10331,1.10325,0.9,0.9
19.08.2024 00:05:01.230 GMT+0200,1.10332,1.10325,7.2,0.9
19.08.2024 00:05:06.871 GMT+0200,1.10328,1.10323,0.9,5.85
19.08.2024 00:05:06.977 GMT+0200,1.10329,1.10323,0.45,2.7
19.08.2024 00:05:07.080 GMT+0200,1.10329,1.10322,0.45,0.9
19.08.2024 00:05:07.436 GMT+0200,1.1033,1.10322,3.6,0.9
19.08.2024 00:05:09.949 GMT+0200,1.10328,1.10322,0.45,0.9
19.08.2024 00:05:10.054 GMT+0200,1.1033,1.10322,0.45,0.9
19.08.2024 00:05:13.025 GMT+0200,1.1033,1.10324,0.45,0.9
19.08.2024 00:05:13.131 GMT+0200,1.10332,1.1032700000000002,0.9,0.9
19.08.2024 00:05:13.233 GMT+0200,1.10333,1.1032700000000002,4.5,0.9
19.08.2024 00:05:13.285 GMT+0200,1.1033600000000001,1.1032700000000002,3.6,0.9
19.08.2024 00:05:16.056 GMT+0200,1.10332,1.1032700000000002,1.35,0.9
19.08.2024 00:05:28.634 GMT+0200,1.10332,1.10331,1.8,0.9
19.08.2024 00:05:28.687 GMT+0200,1.10332,1.10329,1.8,0.9
19.08.2024 00:05:28.740 GMT+0200,1.10335,1.1033,0.9,0.9
19.08.2024 00:05:28.843 GMT+0200,1.1033600000000001,1.1033,0.9,0.9
19.08.2024 00:05:30.084 GMT+0200,1.1033600000000001,1.10329,0.9,0.9
19.08.2024 00:05:30.190 GMT+0200,1.1033600000000001,1.10328,1.8,0.9
19.08.2024 00:05:31.507 GMT+0200,1.1033600000000001,1.1032700000000002,1.8,0.9
19.08.2024 00:05:31.560 GMT+0200,1.10332,1.10328,1.35,0.9
19.08.2024 00:05:31.663 GMT+0200,1.10332,1.1032700000000002,4.05,0.9
19.08.2024 00:05:34.036 GMT+0200,1.10334,1.1032700000000002,1.8,0.9
19.08.2024 00:05:34.189 GMT+0200,1.10335,1.1032700000000002,2.25,0.9
19.08.2024 00:05:45.793 GMT+0200,1.10335,1.1033,0.45,0.9
19.08.2024 00:05:45.897 GMT+0200,1.1033700000000002,1.1033,13.05,0.9
19.08.2024 00:05:48.721 GMT+0200,1.1033700000000002,1.10331,5.85,0.9
19.08.2024 00:05:49.579 GMT+0200,1.1033700000000002,1.10335,4.5,0.9
19.08.2024 00:05:49.633 GMT+0200,1.10339,1.1033600000000001,1.8,0.9
19.08.2024 00:05:49.736 GMT+0200,1.10341,1.1033600000000001,1.8,0.9
19.08.2024 00:05:49.990 GMT+0200,1.10342,1.1033600000000001,4.5,0.9
19.08.2024 00:06:00.300 GMT+0200,1.10341,1.1033600000000001,0.45,0.9
19.08.2024 00:06:00.404 GMT+0200,1.10341,1.10339,2.25,0.9
19.08.2024 00:06:00.510 GMT+0200,1.10343,1.1034000000000002,0.9,0.9
19.08.2024 00:06:00.562 GMT+0200,1.1034700000000002,1.1034000000000002,5.85,0.9
19.08.2024 00:06:02.126 GMT+0200,1.10346,1.1034000000000002,0.9,0.9
19.08.2024 00:06:06.162 GMT+0200,1.1034700000000002,1.1034000000000002,4.05,0.9
19.08.2024 00:06:08.389 GMT+0200,1.10346,1.1034000000000002,0.9,0.9
19.08.2024 00:06:08.441 GMT+0200,1.10346,1.10338,0.9,0.9
19.08.2024 00:06:11.062 GMT+0200,1.10345,1.10338,0.9,0.9
19.08.2024 00:06:20.466 GMT+0200,1.10344,1.10338,0.9,0.9
19.08.2024 00:06:21.375 GMT+0200,1.10342,1.10339,0.9,0.9
19.08.2024 00:06:21.632 GMT+0200,1.10341,1.10338,0.9,2.7
19.08.2024 00:06:21.735 GMT+0200,1.10341,1.1033700000000002,0.9,2.7
19.08.2024 00:06:26.210 GMT+0200,1.10343,1.10338,2.7,0.9
19.08.2024 00:06:32.296 GMT+0200,1.1034000000000002,1.1033700000000002,0.9,0.9
19.08.2024 00:06:32.350 GMT+0200,1.10339,1.10335,3.15,5.4
19.08.2024 00:06:32.608 GMT+0200,1.10339,1.10332,2.7,0.9
19.08.2024 00:06:33.065 GMT+0200,1.1033700000000002,1.10332,1.8,0.9
19.08.2024 00:06:40.260 GMT+0200,1.1033600000000001,1.10332,0.9,0.9
19.08.2024 00:06:41.067 GMT+0200,1.10335,1.1033,0.9,0.9
19.08.2024 00:06:49.070 GMT+0200,1.10335,1.10331,0.9,1.8
19.08.2024 00:06:52.712 GMT+0200,1.10335,1.1033,0.9,2.25
19.08.2024 00:06:53.919 GMT+0200,1.10335,1.10331,0.9,1.8
19.08.2024 00:06:56.384 GMT+0200,1.10335,1.1033,0.9,2.7
19.08.2024 00:07:03.071 GMT+0200,1.1033600000000001,1.1033,2.7,2.7
19.08.2024 00:07:06.542 GMT+0200,1.10335,1.1033,0.9,0.9
19.08.2024 00:07:06.596 GMT+0200,1.10335,1.10328,2.7,4.05
19.08.2024 00:07:06.699 GMT+0200,1.10335,1.1032700000000002,2.7,2.7
19.08.2024 00:07:16.592 GMT+0200,1.10334,1.1032700000000002,0.9,2.7
19.08.2024 00:07:16.897 GMT+0200,1.10329,1.1032700000000002,0.9,1.8
19.08.2024 00:07:16.950 GMT+0200,1.1033,1.10324,1.8,1.8
19.08.2024 00:07:17.054 GMT+0200,1.10329,1.10323,0.9,6.3
19.08.2024 00:07:18.066 GMT+0200,1.10329,1.10324,0.9,1.8
19.08.2024 00:07:18.573 GMT+0200,1.10328,1.10324,0.9,1.8
19.08.2024 00:07:18.625 GMT+0200,1.10328,1.10322,0.9,2.7
19.08.2024 00:07:19.081 GMT+0200,1.10328,1.10323,2.7,1.8
19.08.2024 00:07:19.938 GMT+0200,1.1032600000000001,1.10322,2.7,1.8
19.08.2024 00:07:20.297 GMT+0200,1.1032600000000001,1.10321,3.6,2.7
19.08.2024 00:07:29.202 GMT+0200,1.10325,1.10321,0.9,1.8
19.08.2024 00:07:30.564 GMT+0200,1.1032700000000002,1.10322,5.85,2.7
19.08.2024 00:07:30.617 GMT+0200,1.1032700000000002,1.10324,3.15,1.8
19.08.2024 00:07:30.720 GMT+0200,1.10328,1.10324,0.9,1.8
19.08.2024 00:07:33.288 GMT+0200,1.1032700000000002,1.10324,0.9,1.8
19.08.2024 00:07:33.391 GMT+0200,1.1032700000000002,1.10323,0.9,1.8
19.08.2024 00:07:35.663 GMT+0200,1.10324,1.1032,0.9,2.25
19.08.2024 00:07:35.867 GMT+0200,1.10324,1.1031900000000001,0.9,1.8
19.08.2024 00:07:41.059 GMT+0200,1.1032600000000001,1.1032,0.9,1.8
19.08.2024 00:07:41.112 GMT+0200,1.10328,1.10323,2.7,1.8
19.08.2024 00:07:42.124 GMT+0200,1.10328,1.10321,0.9,2.7
19.08.2024 00:07:44.287 GMT+0200,1.10328,1.10323,2.7,1.8
19.08.2024 00:07:51.372 GMT+0200,1.10324,1.1032,0.9,3.15
19.08.2024 00:07:51.477 GMT+0200,1.10323,1.1031900000000001,0.9,6.3
19.08.2024 00:07:51.885 GMT+0200,1.10323,1.10318,2.7,1.8
19.08.2024 00:07:51.989 GMT+0200,1.1032,1.10315,0.9,2.7
19.08.2024 00:07:52.445 GMT+0200,1.1032,1.10314,0.9,3.15
19.08.2024 00:08:04.106 GMT+0200,1.1032,1.1031600000000001,3.15,4.5
19.08.2024 00:08:34.476 GMT+0200,1.1032,1.10314,0.9,3.6
19.08.2024 00:08:46.695 GMT+0200,1.1031600000000001,1.10314,1.12,1.8
19.08.2024 00:08:46.748 GMT+0200,1.1031600000000001,1.10312,0.9,5.4
19.08.2024 00:08:46.953 GMT+0200,1.1031600000000001,1.1031,0.9,2.7
19.08.2024 00:08:47.059 GMT+0200,1.10311,1.1030900000000001,0.12,2.7
19.08.2024 00:08:47.215 GMT+0200,1.1031,1.10308,0.12,6.3
19.08.2024 00:08:47.421 GMT+0200,1.1031,1.1030700000000002,1.09,1.8
19.08.2024 00:09:00.397 GMT+0200,1.1031,1.10308,1.09,3.6
19.08.2024 00:09:01.159 GMT+0200,1.1031,1.1030900000000001,0.19,0.9
19.08.2024 00:09:01.314 GMT+0200,1.1031,1.1030700000000002,1.09,3.6
19.08.2024 00:09:03.434 GMT+0200,1.1031,1.10308,1.09,2.7
19.08.2024 00:09:13.613 GMT+0200,1.10313,1.10311,0.9,2.25
19.08.2024 00:09:13.666 GMT+0200,1.1031700000000002,1.10315,4.5,2.7
19.08.2024 00:09:13.872 GMT+0200,1.1031900000000001,1.10315,2.7,2.7
19.08.2024 00:09:14.079 GMT+0200,1.1031700000000002,1.10315,0.9,1.35
19.08.2024 00:09:14.184 GMT+0200,1.10318,1.1031600000000001,0.9,1.8
19.08.2024 00:09:14.237 GMT+0200,1.1032,1.1031600000000001,0.9,3.15
19.08.2024 00:09:20.382 GMT+0200,1.1032,1.10315,0.9,0.9
19.08.2024 00:09:21.792 GMT+0200,1.1032,1.10314,0.9,1.8
19.08.2024 00:09:47.165 GMT+0200,1.1031900000000001,1.10314,0.9,1.8
19.08.2024 00:09:57.575 GMT+0200,1.1031900000000001,1.10315,0.9,1.8
19.08.2024 00:10:01.657 GMT+0200,1.1031900000000001,1.10314,0.9,2.25
19.08.2024 00:10:04.340 GMT+0200,1.1031600000000001,1.10311,0.9,7.2
19.08.2024 00:10:04.544 GMT+0200,1.1031600000000001,1.1031,0.9,1.8
19.08.2024 00:10:04.651 GMT+0200,1.10314,1.1031,0.9,1.8
19.08.2024 00:10:10.393 GMT+0200,1.10314,1.10311,0.9,2.7
19.08.2024 00:10:27.080 GMT+0200,1.1031600000000001,1.10311,0.9,0.9
19.08.2024 00:10:28.090 GMT+0200,1.10318,1.10311,4.95,0.9
19.08.2024 00:10:28.193 GMT+0200,1.10318,1.10312,4.95,1.8
19.08.2024 00:10:30.411 GMT+0200,1.10318,1.1031,0.9,3.69
19.08.2024 00:11:03.258 GMT+0200,1.10314,1.1031,0.9,2.79
19.08.2024 00:11:03.311 GMT+0200,1.1031600000000001,1.1031,0.9,1.8
19.08.2024 00:11:03.668 GMT+0200,1.1031600000000001,1.1030900000000001,0.9,7.74
19.08.2024 00:11:05.227 GMT+0200,1.1031700000000002,1.1030900000000001,0.9,7.74
19.08.2024 00:11:05.581 GMT+0200,1.1031700000000002,1.1031,0.9,1.8
19.08.2024 00:11:14.116 GMT+0200,1.1031700000000002,1.1030900000000001,0.9,8.64
19.08.2024 00:11:14.922 GMT+0200,1.10318,1.1030900000000001,0.9,8.64
19.08.2024 00:11:15.076 GMT+0200,1.10318,1.1031,0.9,5.49
19.08.2024 00:11:22.870 GMT+0200,1.1032,1.10315,0.9,1.8
19.08.2024 00:11:30.365 GMT+0200,1.1032,1.1031600000000001,0.9,0.9
19.08.2024 00:11:32.496 GMT+0200,1.1031900000000001,1.1031600000000001,0.9,1.8
19.08.2024 00:11:32.550 GMT+0200,1.10318,1.10314,0.9,0.45
19.08.2024 00:11:32.603 GMT+0200,1.10318,1.10312,0.9,0.9
19.08.2024 00:11:32.706 GMT+0200,1.10318,1.10311,0.9,1.8
19.08.2024 00:11:33.314 GMT+0200,1.10318,1.1031,0.9,6.39
19.08.2024 00:11:54.718 GMT+0200,1.1031700000000002,1.1031,0.9,5.49
19.08.2024 00:11:54.771 GMT+0200,1.10315,1.1031,0.9,1.89
19.08.2024 00:12:00.716 GMT+0200,1.10315,1.10311,2.7,1.8
19.08.2024 00:12:04.786 GMT+0200,1.10314,1.10311,0.9,2.7
19.08.2024 00:13:02.175 GMT+0200,1.10314,1.1030900000000001,0.9,2.7
19.08.2024 00:13:04.136 GMT+0200,1.10314,1.10311,0.9,0.9
19.08.2024 00:13:35.252 GMT+0200,1.10313,1.1030900000000001,2.7,2.25
19.08.2024 00:13:35.357 GMT+0200,1.10313,1.10308,0.9,0.9
19.08.2024 00:13:35.408 GMT+0200,1.10313,1.1030600000000002,0.9,1.8
19.08.2024 00:13:37.176 GMT+0200,1.1030900000000001,1.10305,0.9,2.79
19.08.2024 00:13:40.406 GMT+0200,1.1030700000000002,1.10305,0.9,1.8
19.08.2024 00:13:40.511 GMT+0200,1.1030700000000002,1.1030200000000001,0.9,5.4
19.08.2024 00:13:40.615 GMT+0200,1.10308,1.1030200000000001,0.9,4.5
19.08.2024 00:13:40.820 GMT+0200,1.10308,1.10301,0.9,5.4
19.08.2024 00:13:42.236 GMT+0200,1.10308,1.1030200000000001,0.9,0.9
19.08.2024 00:13:42.340 GMT+0200,1.10308,1.10301,0.9,5.4
19.08.2024 00:13:42.595 GMT+0200,1.10308,1.1030200000000001,0.9,1.8
19.08.2024 00:13:46.374 GMT+0200,1.10305,1.103,0.9,2.7
19.08.2024 00:15:08.906 GMT+0200,1.10305,1.10299,0.9,3.15
19.08.2024 00:15:10.972 GMT+0200,1.10305,1.103,0.9,1.8
19.08.2024 00:15:11.326 GMT+0200,1.10305,1.10299,0.9,3.15
19.08.2024 00:15:14.750 GMT+0200,1.10303,1.103,0.9,1.8
19.08.2024 00:15:15.862 GMT+0200,1.10303,1.10299,0.9,3.6
19.08.2024 00:15:16.065 GMT+0200,1.10303,1.103,0.9,1.8
19.08.2024 00:15:16.420 GMT+0200,1.10305,1.103,0.9,2.7
19.08.2024 00:15:37.259 GMT+0200,1.10303,1.10299,1.8,3.6
19.08.2024 00:15:37.363 GMT+0200,1.10301,1.1029700000000002,0.9,8.55
19.08.2024 00:15:37.517 GMT+0200,1.10301,1.1029600000000002,0.9,2.7
19.08.2024 00:15:37.771 GMT+0200,1.10301,1.1029700000000002,2.7,1.8
19.08.2024 00:15:42.359 GMT+0200,1.10301,1.1029600000000002,0.9,2.7
19.08.2024 00:15:43.367 GMT+0200,1.10301,1.1029700000000002,2.7,1.8
19.08.2024 00:15:57.804 GMT+0200,1.10299,1.1029700000000002,0.9,1.8
19.08.2024 00:15:57.909 GMT+0200,1.10298,1.10294,0.9,1.8
19.08.2024 00:16:02.050 GMT+0200,1.1029600000000002,1.10294,0.9,1.8
19.08.2024 00:16:02.104 GMT+0200,1.1029600000000002,1.1029200000000001,0.9,0.9
19.08.2024 00:16:03.320 GMT+0200,1.1029600000000002,1.1029,0.9,2.7
19.08.2024 00:16:03.476 GMT+0200,1.1029600000000002,1.10291,3.6,1.8
19.08.2024 00:16:09.697 GMT+0200,1.10294,1.1029,0.9,1.8
19.08.2024 00:16:09.801 GMT+0200,1.10294,1.10289,2.7,1.8
19.08.2024 00:16:11.115 GMT+0200,1.10294,1.10287,0.9,2.7
19.08.2024 00:16:12.278 GMT+0200,1.1029200000000001,1.10287,0.9,0.9
19.08.2024 00:16:13.693 GMT+0200,1.1029,1.1028600000000002,0.9,1.8
19.08.2024 00:16:13.797 GMT+0200,1.1029,1.10285,0.9,2.7
19.08.2024 00:16:17.429 GMT+0200,1.10288,1.10285,0.9,1.8
19.08.2024 00:16:17.839 GMT+0200,1.1029,1.10287,3.15,0.9
19.08.2024 00:16:42.811 GMT+0200,1.10289,1.1028600000000002,0.9,2.7
19.08.2024 00:16:46.588 GMT+0200,1.1029,1.10287,0.9,0.9
19.08.2024 00:16:48.689 GMT+0200,1.1029,1.10285,0.9,1.8
19.08.2024 00:17:07.852 GMT+0200,1.1029,1.10284,0.9,7.02
19.08.2024 00:17:08.156 GMT+0200,1.1029,1.10285,0.9,1.8
19.08.2024 00:17:09.615 GMT+0200,1.10289,1.10285,0.9,2.7
19.08.2024 00:17:17.306 GMT+0200,1.1029,1.10285,0.9,1.8
19.08.2024 00:17:17.764 GMT+0200,1.1029,1.10284,0.9,4.77
19.08.2024 00:17:20.031 GMT+0200,1.1029,1.10285,0.9,2.25
19.08.2024 00:17:20.586 GMT+0200,1.1029,1.10284,0.9,5.22
19.08.2024 00:17:21.090 GMT+0200,1.1029,1.10285,0.9,2.25
19.08.2024 00:17:22.552 GMT+0200,1.1029,1.10284,0.9,3.87
19.08.2024 00:17:25.070 GMT+0200,1.1029,1.10285,0.9,1.8
19.08.2024 00:17:32.273 GMT+0200,1.10289,1.10285,2.7,1.8
19.08.2024 00:17:35.549 GMT+0200,1.10287,1.10285,0.9,1.8
19.08.2024 00:17:35.655 GMT+0200,1.1028600000000002,1.10284,0.9,0.27
19.08.2024 00:17:42.357 GMT+0200,1.10285,1.10284,1.35,0.27
19.08.2024 00:17:43.120 GMT+0200,1.10283,1.1028,0.9,2.7
19.08.2024 00:17:43.173 GMT+0200,1.10283,1.1027799999999999,0.9,2.7
19.08.2024 00:17:43.482 GMT+0200,1.10283,1.10279,0.9,1.8
19.08.2024 00:17:45.305 GMT+0200,1.10284,1.10281,0.9,0.9
19.08.2024 00:17:46.470 GMT+0200,1.10284,1.1028,0.9,1.8
19.08.2024 00:17:47.276 GMT+0200,1.10284,1.10279,0.9,6.3
19.08.2024 00:17:51.003 GMT+0200,1.10285,1.10279,0.9,0.99
19.08.2024 00:17:51.108 GMT+0200,1.10284,1.10277,0.9,3.6
19.08.2024 00:17:52.277 GMT+0200,1.1028200000000001,1.10277,0.9,2.7
19.08.2024 00:17:52.329 GMT+0200,1.10284,1.10277,0.9,1.8
19.08.2024 00:17:57.264 GMT+0200,1.1028200000000001,1.10277,0.9,1.8
19.08.2024 00:17:57.367 GMT+0200,1.10283,1.10277,0.9,1.8
19.08.2024 00:17:57.722 GMT+0200,1.10283,1.1027600000000002,0.9,4.05
19.08.2024 00:18:00.691 GMT+0200,1.1028200000000001,1.1027600000000002,0.9,4.05
19.08.2024 00:18:00.845 GMT+0200,1.10283,1.1027600000000002,0.9,4.05
19.08.2024 00:18:07.292 GMT+0200,1.1028200000000001,1.1027600000000002,0.9,1.8
19.08.2024 00:18:07.949 GMT+0200,1.10283,1.10277,0.9,0.9
19.08.2024 00:18:08.102 GMT+0200,1.10283,1.1027799999999999,2.7,1.8
19.08.2024 00:18:08.937 GMT+0200,1.10283,1.10277,0.9,2.7
19.08.2024 00:18:11.001 GMT+0200,1.10283,1.1027600000000002,0.9,1.8
19.08.2024 00:18:12.013 GMT+0200,1.10284,1.10277,0.9,0.9
19.08.2024 00:18:12.269 GMT+0200,1.1028200000000001,1.1027799999999999,0.9,1.8
19.08.2024 00:18:12.422 GMT+0200,1.10283,1.10277,0.9,1.8
19.08.2024 00:18:16.952 GMT+0200,1.10283,1.1027600000000002,0.9,5.94
19.08.2024 00:18:17.256 GMT+0200,1.10281,1.1027600000000002,0.9,7.74
19.08.2024 00:18:17.815 GMT+0200,1.10281,1.10277,0.9,1.8
19.08.2024 00:18:20.404 GMT+0200,1.10281,1.1027799999999999,0.9,2.7
19.08.2024 00:18:21.664 GMT+0200,1.10279,1.1027600000000002,0.9,4.05
19.08.2024 00:18:25.143 GMT+0200,1.10279,1.10277,0.9,1.8
19.08.2024 00:18:25.750 GMT+0200,1.10279,1.1027600000000002,0.9,0.9
19.08.2024 00:18:26.105 GMT+0200,1.10279,1.10277,0.9,1.8
19.08.2024 00:18:27.266 GMT+0200,1.1027799999999999,1.1027600000000002,0.9,0.9
19.08.2024 00:18:27.926 GMT+0200,1.1028,1.10277,0.9,1.8
19.08.2024 00:18:30.394 GMT+0200,1.1028,1.1027500000000001,0.9,1.8
19.08.2024 00:18:32.011 GMT+0200,1.10279,1.10274,0.9,2.25
19.08.2024 00:18:33.073 GMT+0200,1.10279,1.10273,0.9,2.7
19.08.2024 00:18:40.165 GMT+0200,1.10279,1.1027200000000001,0.9,9
19.08.2024 00:18:40.371 GMT+0200,1.10279,1.10271,0.9,3.24
19.08.2024 00:18:41.534 GMT+0200,1.1027799999999999,1.10271,0.9,1.8
19.08.2024 00:18:50.788 GMT+0200,1.1027600000000002,1.10271,0.9,0.9
19.08.2024 00:18:51.199 GMT+0200,1.10273,1.10269,0.9,9.54
19.08.2024 00:18:51.303 GMT+0200,1.10273,1.1026799999999999,0.9,4.5
19.08.2024 00:18:51.458 GMT+0200,1.10273,1.10267,0.9,2.7
19.08.2024 00:19:01.345 GMT+0200,1.10273,1.1026600000000002,0.9,1.8
19.08.2024 00:19:16.635 GMT+0200,1.1027200000000001,1.10269,0.9,2.7
19.08.2024 00:19:17.197 GMT+0200,1.10273,1.1026799999999999,0.9,1.8
19.08.2024 00:19:17.451 GMT+0200,1.10274,1.1026799999999999,0.9,1.8
19.08.2024 00:19:21.329 GMT+0200,1.10274,1.10267,0.9,2.7
19.08.2024 00:19:27.460 GMT+0200,1.10274,1.1026799999999999,0.9,0.9
19.08.2024 00:19:30.730 GMT+0200,1.10273,1.1027,0.9,1.8
19.08.2024 00:19:31.038 GMT+0200,1.10273,1.10269,0.9,3.15
19.08.2024 00:19:31.143 GMT+0200,1.10271,1.1026799999999999,0.9,4.05
19.08.2024 00:19:31.196 GMT+0200,1.10273,1.10269,1.8,0.9
19.08.2024 00:19:41.501 GMT+0200,1.10273,1.1027,0.9,1.8
19.08.2024 00:19:47.183 GMT+0200,1.1027200000000001,1.1027,0.9,1.8
19.08.2024 00:19:47.289 GMT+0200,1.10274,1.1027,0.9,0.9
19.08.2024 00:19:52.030 GMT+0200,1.10273,1.10269,1.8,0.9
19.08.2024 00:20:03.458 GMT+0200,1.1027200000000001,1.1026799999999999,2.7,2.7
19.08.2024 00:20:15.236 GMT+0200,1.1027200000000001,1.10267,0.9,2.7
19.08.2024 00:20:20.533 GMT+0200,1.1027200000000001,1.1026799999999999,0.9,2.7
19.08.2024 00:20:30.601 GMT+0200,1.1027200000000001,1.10269,0.9,2.7
19.08.2024 00:20:36.093 GMT+0200,1.10271,1.10267,0.9,0.9
19.08.2024 00:20:36.198 GMT+0200,1.1027200000000001,1.10269,2.7,0.9
19.08.2024 00:20:36.304 GMT+0200,1.10273,1.1027,0.9,2.7
19.08.2024 00:20:54.091 GMT+0200,1.10274,1.10269,0.9,0.9
19.08.2024 00:21:00.369 GMT+0200,1.10274,1.1026799999999999,0.9,3.6
19.08.2024 00:21:00.774 GMT+0200,1.10273,1.10269,0.9,0.9
19.08.2024 00:21:01.031 GMT+0200,1.10271,1.10267,0.9,5.94
19.08.2024 00:21:01.188 GMT+0200,1.10271,1.1026500000000001,2.25,0.9
19.08.2024 00:21:01.242 GMT+0200,1.1026799999999999,1.1026500000000001,1.8,0.9
19.08.2024 00:21:01.346 GMT+0200,1.1026799999999999,1.10264,0.9,0.9
19.08.2024 00:21:02.566 GMT+0200,1.10269,1.10264,2.7,1.8
19.08.2024 00:21:10.822 GMT+0200,1.1026799999999999,1.1026500000000001,0.9,1.8
19.08.2024 00:21:12.340 GMT+0200,1.10269,1.1026500000000001,2.7,2.7
19.08.2024 00:21:12.445 GMT+0200,1.1026799999999999,1.10264,0.9,0.9
19.08.2024 00:21:16.930 GMT+0200,1.10269,1.10264,2.7,1.8
19.08.2024 00:21:17.033 GMT+0200,1.10269,1.10263,0.9,0.9
19.08.2024 00:21:21.317 GMT+0200,1.1027,1.10263,8.19,0.9
19.08.2024 00:21:23.283 GMT+0200,1.10269,1.10263,2.7,0.9
19.08.2024 00:21:33.627 GMT+0200,1.1026799999999999,1.10263,1.8,0.9
19.08.2024 00:21:33.732 GMT+0200,1.1026799999999999,1.1026200000000002,11.7,0.9
19.08.2024 00:21:33.836 GMT+0200,1.1026799999999999,1.10263,9.45,0.9
19.08.2024 00:21:34.499 GMT+0200,1.10267,1.10263,0.9,0.9
19.08.2024 00:21:34.707 GMT+0200,1.1026799999999999,1.10264,9.45,0.9
19.08.2024 00:21:40.000 GMT+0200,1.1026799999999999,1.1026500000000001,5.85,0.9
19.08.2024 00:21:40.106 GMT+0200,1.1027,1.1026500000000001,1.8,5.4
19.08.2024 00:21:40.210 GMT+0200,1.10271,1.1026600000000002,4.5,0.9
19.08.2024 00:21:40.366 GMT+0200,1.1027,1.1026600000000002,2.7,0.9
19.08.2024 00:21:46.318 GMT+0200,1.10269,1.1026500000000001,1.8,0.9
19.08.2024 00:22:05.967 GMT+0200,1.1026600000000002,1.1026200000000002,0.9,1.35
19.08.2024 00:22:06.072 GMT+0200,1.1026600000000002,1.10261,1.8,0.9
19.08.2024 00:22:06.177 GMT+0200,1.1026600000000002,1.10263,0.9,0.9
19.08.2024 00:22:06.635 GMT+0200,1.10267,1.10263,3.6,1.8
19.08.2024 00:22:06.739 GMT+0200,1.1026500000000001,1.1026200000000002,1.8,0.45
19.08.2024 00:22:06.843 GMT+0200,1.1026500000000001,1.10261,1.8,2.7
19.08.2024 00:22:07.098 GMT+0200,1.10264,1.10261,0.9,0.9
19.08.2024 00:22:07.202 GMT+0200,1.1026500000000001,1.10261,3.15,1.8
19.08.2024 00:22:10.373 GMT+0200,1.1026500000000001,1.1026,1.35,0.9
19.08.2024 00:22:13.743 GMT+0200,1.1026500000000001,1.10261,1.8,1.8
19.08.2024 00:22:16.410 GMT+0200,1.1026600000000002,1.10259,5.04,2.7
19.08.2024 00:22:20.842 GMT+0200,1.1026500000000001,1.10259,1.8,1.8
19.08.2024 00:22:27.022 GMT+0200,1.1026600000000002,1.10259,4.59,1.8
19.08.2024 00:22:42.381 GMT+0200,1.1026600000000002,1.1026,8.55,0.9
19.08.2024 00:22:44.501 GMT+0200,1.1026600000000002,1.10259,8.55,1.8
19.08.2024 00:22:44.604 GMT+0200,1.10263,1.10259,1.8,3.15
19.08.2024 00:22:46.122 GMT+0200,1.1026500000000001,1.1026,4.5,1.8
19.08.2024 00:22:47.284 GMT+0200,1.10263,1.10259,1.8,2.7
19.08.2024 00:22:47.337 GMT+0200,1.1026500000000001,1.1026,3.6,1.8
19.08.2024 00:22:47.993 GMT+0200,1.1026500000000001,1.10261,3.6,1.8
19.08.2024 00:22:48.046 GMT+0200,1.10263,1.1026,1.8,0.9
19.08.2024 00:22:50.970 GMT+0200,1.10263,1.10259,1.8,2.7
19.08.2024 00:22:51.475 GMT+0200,1.1026500000000001,1.1026,4.5,1.8
19.08.2024 00:22:56.149 GMT+0200,1.10263,1.10259,1.8,2.7
19.08.2024 00:22:56.555 GMT+0200,1.1026500000000001,1.1026,4.5,1.8
19.08.2024 00:23:05.060 GMT+0200,1.10263,1.1026,0.9,1.8
19.08.2024 00:23:07.438 GMT+0200,1.1026200000000002,1.10259,3.6,0.9
19.08.2024 00:23:07.593 GMT+0200,1.10261,1.10258,0.9,1.8
19.08.2024 00:23:08.353 GMT+0200,1.10263,1.1026200000000002,2.7,2.7
19.08.2024 00:23:08.459 GMT+0200,1.1026500000000001,1.10263,0.9,2.7
19.08.2024 00:23:08.511 GMT+0200,1.10267,1.10264,5.4,1.8
19.08.2024 00:23:08.818 GMT+0200,1.1026799999999999,1.10264,1.8,1.8
19.08.2024 00:23:09.024 GMT+0200,1.10269,1.10263,2.7,3.6
19.08.2024 00:23:11.058 GMT+0200,1.1026500000000001,1.1026200000000002,2.7,2.25
19.08.2024 00:23:11.163 GMT+0200,1.10263,1.10259,2.7,2.7
19.08.2024 00:23:11.268 GMT+0200,1.1026200000000002,1.10258,0.9,0.9
19.08.2024 00:23:17.058 GMT+0200,1.10261,1.10258,2.7,0.9
19.08.2024 00:23:17.719 GMT+0200,1.10261,1.10257,1.8,2.7
19.08.2024 00:23:27.844 GMT+0200,1.10261,1.10258,2.7,0.9
19.08.2024 00:23:33.228 GMT+0200,1.1026200000000002,1.1026,2.7,0.9
19.08.2024 00:23:33.282 GMT+0200,1.1026500000000001,1.10264,4.5,0.9
19.08.2024 00:23:33.386 GMT+0200,1.10267,1.1026500000000001,4.5,0.9
19.08.2024 00:23:33.491 GMT+0200,1.10269,1.1026500000000001,1.8,2.7
19.08.2024 00:23:33.748 GMT+0200,1.1027,1.1026600000000002,2.7,1.8
19.08.2024 00:23:40.348 GMT+0200,1.1027,1.1026500000000001,0.9,0.9
19.08.2024 00:23:40.604 GMT+0200,1.1027,1.1026600000000002,2.7,1.8
19.08.2024 00:23:45.033 GMT+0200,1.1027,1.1026500000000001,0.9,0.9
19.08.2024 00:23:45.967 GMT+0200,1.1027,1.1026600000000002,2.7,1.8
19.08.2024 00:23:47.028 GMT+0200,1.1027,1.1026500000000001,2.7,2.7
19.08.2024 00:23:48.748 GMT+0200,1.1027,1.1026600000000002,2.7,1.8
19.08.2024 00:23:50.822 GMT+0200,1.1026799999999999,1.1026500000000001,0.9,1.8
19.08.2024 00:23:50.927 GMT+0200,1.1026600000000002,1.1026500000000001,0.9,1.8
19.08.2024 00:23:50.980 GMT+0200,1.1026799999999999,1.1026500000000001,0.9,2.7
19.08.2024 00:24:05.685 GMT+0200,1.10267,1.10264,0.9,1.8
19.08.2024 00:24:06.851 GMT+0200,1.1026600000000002,1.10263,0.9,3.6
19.08.2024 00:24:12.244 GMT+0200,1.10267,1.10263,0.9,3.6
19.08.2024 00:24:12.348 GMT+0200,1.10267,1.10264,2.7,0.9
19.08.2024 00:24:32.923 GMT+0200,1.1026600000000002,1.10263,0.9,1.8
19.08.2024 00:24:33.077 GMT+0200,1.1026600000000002,1.1026200000000002,2.7,2.7
19.08.2024 00:24:33.737 GMT+0200,1.10263,1.1026,0.9,3.6
19.08.2024 00:24:33.942 GMT+0200,1.1026200000000002,1.10259,0.9,2.7
19.08.2024 00:24:35.261 GMT+0200,1.10263,1.1026,0.9,0.9
19.08.2024 00:24:35.621 GMT+0200,1.10263,1.10261,0.9,1.8
19.08.2024 00:24:35.926 GMT+0200,1.10263,1.1026,0.9,2.7
19.08.2024 00:24:39.097 GMT+0200,1.1026200000000002,1.1026,0.9,1.8
19.08.2024 00:24:39.250 GMT+0200,1.10261,1.10259,0.9,2.7
19.08.2024 00:24:41.676 GMT+0200,1.10261,1.10258,0.9,2.7
19.08.2024 00:24:41.781 GMT+0200,1.10259,1.10256,0.9,0.9
19.08.2024 00:24:41.885 GMT+0200,1.10258,1.1025500000000001,0.9,0.9
19.08.2024 00:24:49.318 GMT+0200,1.10259,1.10256,1.8,0.9
19.08.2024 00:24:49.424 GMT+0200,1.10261,1.10259,0.9,0.9
19.08.2024 00:24:49.527 GMT+0200,1.1026200000000002,1.10259,7.2,0.9
19.08.2024 00:24:49.632 GMT+0200,1.10259,1.10257,0.9,2.7
19.08.2024 00:24:50.800 GMT+0200,1.10259,1.10256,0.9,0.9
19.08.2024 00:24:51.260 GMT+0200,1.10259,1.10257,0.9,1.8
19.08.2024 00:24:51.365 GMT+0200,1.10259,1.10256,0.9,0.9
19.08.2024 00:24:59.104 GMT+0200,1.1026,1.10257,0.9,2.7
19.08.2024 00:24:59.362 GMT+0200,1.1026,1.10256,2.7,2.7
19.08.2024 00:25:01.806 GMT+0200,1.10259,1.10256,0.9,0.9
19.08.2024 00:25:07.823 GMT+0200,1.10257,1.10254,0.9,2.7
19.08.2024 00:25:10.304 GMT+0200,1.10254,1.1025200000000002,0.9,3.6
19.08.2024 00:25:10.409 GMT+0200,1.10257,1.10254,0.9,0.9
19.08.2024 00:25:10.867 GMT+0200,1.10257,1.1025500000000001,0.9,1.8
19.08.2024 00:25:11.582 GMT+0200,1.10257,1.10254,0.9,0.9
19.08.2024 00:25:12.496 GMT+0200,1.10257,1.1025500000000001,0.9,1.8
19.08.2024 00:25:12.852 GMT+0200,1.10257,1.10254,0.9,0.9
19.08.2024 00:25:13.413 GMT+0200,1.10257,1.1025500000000001,0.9,1.8
19.08.2024 00:25:13.516 GMT+0200,1.10257,1.10254,0.9,0.9
19.08.2024 00:25:14.072 GMT+0200,1.10257,1.1025500000000001,0.9,1.8
19.08.2024 00:25:14.829 GMT+0200,1.10257,1.10254,0.9,0.9
19.08.2024 00:25:16.096 GMT+0200,1.10257,1.1025500000000001,0.9,1.8
19.08.2024 00:25:16.299 GMT+0200,1.10257,1.10254,0.9,0.9
19.08.2024 00:25:20.762 GMT+0200,1.10257,1.10253,2.7,2.7
19.08.2024 00:25:21.472 GMT+0200,1.1025500000000001,1.1025200000000002,0.9,1.8
19.08.2024 00:25:21.577 GMT+0200,1.1025500000000001,1.10251,2.7,2.7
19.08.2024 00:25:26.775 GMT+0200,1.10257,1.10253,4.5,0.9
19.08.2024 00:25:27.132 GMT+0200,1.10256,1.10253,1.8,0.9
19.08.2024 00:25:29.148 GMT+0200,1.10257,1.10253,4.5,0.9
19.08.2024 00:25:29.652 GMT+0200,1.10256,1.1025200000000002,0.9,0.9
19.08.2024 00:25:30.364 GMT+0200,1.1025500000000001,1.1025200000000002,0.9,0.9
19.08.2024 00:25:30.873 GMT+0200,1.10256,1.10253,0.9,2.7
19.08.2024 00:25:40.910 GMT+0200,1.10256,1.10254,0.9,0.9
19.08.2024 00:25:47.607 GMT+0200,1.10257,1.1025500000000001,0.9,0.9
19.08.2024 00:26:17.861 GMT+0200,1.10257,1.10254,0.9,2.7
19.08.2024 00:26:18.682 GMT+0200,1.10259,1.10257,0.9,0.9
19.08.2024 00:26:19.400 GMT+0200,1.10261,1.10258,2.7,0.9
19.08.2024 00:26:30.381 GMT+0200,1.1026200000000002,1.10258,0.9,3.6
19.08.2024 00:26:32.753 GMT+0200,1.1026200000000002,1.10259,0.9,0.9
19.08.2024 00:26:45.444 GMT+0200,1.1026200000000002,1.1026,0.9,2.7
19.08.2024 00:26:58.377 GMT+0200,1.1026200000000002,1.10259,2.7,0.9
19.08.2024 00:27:16.939 GMT+0200,1.10263,1.1026,0.9,2.7
19.08.2024 00:27:17.045 GMT+0200,1.10264,1.1026200000000002,0.9,0.9
19.08.2024 00:27:17.148 GMT+0200,1.1026500000000001,1.1026200000000002,2.7,0.9
19.08.2024 00:27:21.901 GMT+0200,1.1026500000000001,1.10263,0.9,3.6
19.08.2024 00:27:29.060 GMT+0200,1.10263,1.10261,0.9,0.9
19.08.2024 00:27:30.890 GMT+0200,1.1026200000000002,1.10259,0.9,0.9
19.08.2024 00:27:32.262 GMT+0200,1.10263,1.1026,0.9,2.7
19.08.2024 00:27:39.274 GMT+0200,1.10259,1.10257,0.9,2.25
19.08.2024 00:27:40.490 GMT+0200,1.10261,1.10257,0.9,2.7
19.08.2024 00:27:40.847 GMT+0200,1.10261,1.10258,0.9,2.7
19.08.2024 00:27:44.136 GMT+0200,1.10258,1.10256,0.9,0.9
19.08.2024 00:27:44.648 GMT+0200,1.10259,1.10257,0.9,0.9
19.08.2024 00:27:49.104 GMT+0200,1.10261,1.10258,2.7,0.9
19.08.2024 00:27:50.578 GMT+0200,1.1026,1.10257,2.7,0.9
19.08.2024 00:27:50.683 GMT+0200,1.10259,1.10257,1.8,0.9
19.08.2024 00:27:50.786 GMT+0200,1.1026,1.10257,4.05,0.9
19.08.2024 00:27:51.959 GMT+0200,1.10259,1.10256,0.9,0.9
19.08.2024 00:27:54.286 GMT+0200,1.10258,1.1025500000000001,0.9,2.7
19.08.2024 00:27:54.443 GMT+0200,1.10257,1.10254,0.9,2.7
19.08.2024 00:27:59.104 GMT+0200,1.10257,1.1025500000000001,0.9,1.8
19.08.2024 00:27:59.208 GMT+0200,1.10257,1.10254,0.9,0.9
19.08.2024 00:27:59.768 GMT+0200,1.10257,1.1025500000000001,0.9,1.8
19.08.2024 00:27:59.972 GMT+0200,1.10257,1.10254,0.9,2.7
19.08.2024 00:28:00.786 GMT+0200,1.10257,1.1025500000000001,0.9,1.8
19.08.2024 00:28:01.495 GMT+0200,1.10257,1.10254,0.9,2.7
19.08.2024 00:28:01.699 GMT+0200,1.10257,1.1025500000000001,0.9,1.8
19.08.2024 00:28:02.207 GMT+0200,1.10257,1.10254,0.9,2.7
19.08.2024 00:28:02.411 GMT+0200,1.10257,1.1025500000000001,0.9,1.8
19.08.2024 00:28:03.427 GMT+0200,1.10259,1.10256,0.9,2.7
19.08.2024 00:28:03.635 GMT+0200,1.10258,1.1025500000000001,0.9,2.7
19.08.2024 00:28:05.258 GMT+0200,1.10257,1.10254,0.9,2.7
19.08.2024 00:28:10.604 GMT+0200,1.10258,1.1025500000000001,2.7,0.9
19.08.2024 00:28:14.445 GMT+0200,1.10258,1.10256,0.9,1.8
19.08.2024 00:28:14.549 GMT+0200,1.10258,1.1025500000000001,2.7,0.9
19.08.2024 00:28:23.169 GMT+0200,1.10259,1.10256,0.9,1.8
19.08.2024 00:28:24.840 GMT+0200,1.10259,1.1025500000000001,2.88,2.7
19.08.2024 00:28:30.445 GMT+0200,1.1026,1.1025500000000001,7.65,0.9
19.08.2024 00:28:30.772 GMT+0200,1.10259,1.1025500000000001,1.8,2.7
19.08.2024 00:28:33.495 GMT+0200,1.1026,1.10257,3.15,0.9
19.08.2024 00:28:33.600 GMT+0200,1.10261,1.10258,2.25,0.9
19.08.2024 00:28:33.706 GMT+0200,1.10261,1.10257,2.7,2.7
19.08.2024 00:28:33.810 GMT+0200,1.1026,1.10257,1.8,0.9
19.08.2024 00:28:33.913 GMT+0200,1.10261,1.10257,0.9,0.9
19.08.2024 00:28:34.018 GMT+0200,1.10259,1.10256,1.8,0.9
19.08.2024 00:28:34.784 GMT+0200,1.1026,1.10256,3.15,2.7
19.08.2024 00:28:40.367 GMT+0200,1.10258,1.10256,0.9,1.8
19.08.2024 00:28:41.172 GMT+0200,1.10258,1.1025500000000001,0.9,2.7
19.08.2024 00:28:50.235 GMT+0200,1.10259,1.1025500000000001,1.8,2.7
19.08.2024 00:28:50.338 GMT+0200,1.1026,1.1025500000000001,7.2,2.7
19.08.2024 00:28:50.491 GMT+0200,1.10259,1.1025500000000001,1.8,2.7
19.08.2024 00:28:50.846 GMT+0200,1.1026,1.1025500000000001,2.7,2.7
19.08.2024 00:28:50.999 GMT+0200,1.10259,1.1025500000000001,1.8,2.7
19.08.2024 00:28:51.457 GMT+0200,1.10258,1.1025500000000001,1.8,0.9
19.08.2024 00:28:51.611 GMT+0200,1.10259,1.1025500000000001,1.8,2.7
19.08.2024 00:28:57.507 GMT+0200,1.1026,1.1025500000000001,2.7,2.7
19.08.2024 00:28:57.610 GMT+0200,1.10259,1.1025500000000001,1.8,2.7
19.08.2024 00:28:57.712 GMT+0200,1.1026,1.1025500000000001,2.7,2.7
19.08.2024 00:29:01.091 GMT+0200,1.10258,1.10254,6.75,2.7
19.08.2024 00:29:01.196 GMT+0200,1.10258,1.1025500000000001,1.8,0.9
19.08.2024 00:29:01.299 GMT+0200,1.10259,1.1025500000000001,0.9,0.9
19.08.2024 00:29:01.959 GMT+0200,1.10258,1.1025500000000001,1.8,0.9
19.08.2024 00:29:02.064 GMT+0200,1.10259,1.1025500000000001,2.88,2.7
19.08.2024 00:29:03.022 GMT+0200,1.10258,1.1025500000000001,1.8,0.9
19.08.2024 00:29:03.276 GMT+0200,1.10258,1.10254,1.8,2.7
19.08.2024 00:29:06.800 GMT+0200,1.10259,1.10254,2.88,0.9
19.08.2024 00:29:06.906 GMT+0200,1.1026,1.10256,1.8,2.7
19.08.2024 00:29:07.315 GMT+0200,1.10257,1.10256,0.9,0.9
19.08.2024 00:29:07.369 GMT+0200,1.10257,1.10254,2.7,4.5
19.08.2024 00:29:09.038 GMT+0200,1.10258,1.10254,1.8,2.7
19.08.2024 00:29:09.142 GMT+0200,1.10259,1.10254,0.9,2.7
19.08.2024 00:29:09.245 GMT+0200,1.1026,1.1025500000000001,3.6,0.9
19.08.2024 00:29:10.662 GMT+0200,1.1026,1.10256,2.7,2.7
19.08.2024 00:29:10.766 GMT+0200,1.10259,1.10256,1.8,0.9
19.08.2024 00:29:10.872 GMT+0200,1.10258,1.1025500000000001,2.7,0.9
19.08.2024 00:29:10.976 GMT+0200,1.10259,1.1025500000000001,3.62,0.9
19.08.2024 00:29:15.362 GMT+0200,1.10259,1.10256,2.7,0.9
19.08.2024 00:29:15.570 GMT+0200,1.1026,1.10256,2.7,3.6
19.08.2024 00:29:15.930 GMT+0200,1.10259,1.10256,0.9,2.7
19.08.2024 00:29:16.034 GMT+0200,1.10258,1.1025500000000001,0.9,2.7
19.08.2024 00:29:18.403 GMT+0200,1.10259,1.1025500000000001,3.15,2.7
19.08.2024 00:29:20.079 GMT+0200,1.10259,1.10256,0.9,1.8
19.08.2024 00:29:20.334 GMT+0200,1.10259,1.1025500000000001,2.7,2.7
19.08.2024 00:29:28.289 GMT+0200,1.10259,1.10256,2.7,0.9
19.08.2024 00:29:28.946 GMT+0200,1.10258,1.10256,0.9,0.9
19.08.2024 00:29:35.456 GMT+0200,1.10257,1.10256,0.9,0.9
19.08.2024 00:29:35.662 GMT+0200,1.10257,1.10254,2.7,0.9
19.08.2024 00:29:35.769 GMT+0200,1.1025500000000001,1.1025200000000002,0.9,3.6
19.08.2024 00:29:35.979 GMT+0200,1.10256,1.1025200000000002,2.7,3.6
19.08.2024 00:29:36.187 GMT+0200,1.10256,1.10254,0.9,0.9
19.08.2024 00:29:38.842 GMT+0200,1.10256,1.1025200000000002,2.7,3.6
19.08.2024 00:29:38.946 GMT+0200,1.1025500000000001,1.10251,2.7,3.6
19.08.2024 00:29:44.508 GMT+0200,1.1025500000000001,1.1025200000000002,0.9,2.7
19.08.2024 00:29:44.612 GMT+0200,1.10256,1.1025200000000002,2.7,3.6
19.08.2024 00:29:55.896 GMT+0200,1.10257,1.10254,2.7,0.9
19.08.2024 00:30:00.153 GMT+0200,1.10258,1.10254,7.2,0.9
19.08.2024 00:30:00.256 GMT+0200,1.10257,1.10254,1.8,0.9
19.08.2024 00:30:01.771 GMT+0200,1.10258,1.10254,6.75,0.9
19.08.2024 00:30:01.873 GMT+0200,1.10257,1.10254,3.6,0.9
19.08.2024 00:30:02.533 GMT+0200,1.10257,1.10253,4.5,2.7
19.08.2024 00:30:02.637 GMT+0200,1.10256,1.10253,3.6,0.9
19.08.2024 00:30:04.103 GMT+0200,1.10258,1.10253,10.35,0.9
19.08.2024 00:30:04.411 GMT+0200,1.10257,1.10253,3.6,4.5
19.08.2024 00:30:06.746 GMT+0200,1.10256,1.10253,3.6,0.9
19.08.2024 00:30:07.355 GMT+0200,1.10257,1.10253,3.6,4.5
19.08.2024 00:30:07.561 GMT+0200,1.10256,1.10253,3.6,0.9
19.08.2024 00:30:11.095 GMT+0200,1.10256,1.1025200000000002,6.75,4.5
19.08.2024 00:30:11.150 GMT+0200,1.10254,1.10251,4.95,0.9
19.08.2024 00:30:11.254 GMT+0200,1.10253,1.10251,3.6,0.9
19.08.2024 00:30:11.360 GMT+0200,1.10254,1.1025,4.05,4.5
19.08.2024 00:30:12.020 GMT+0200,1.10253,1.1025,3.6,0.9
19.08.2024 00:30:12.276 GMT+0200,1.10254,1.1025,0.45,0.9
19.08.2024 00:30:21.299 GMT+0200,1.1025500000000001,1.10251,8.19,0.9
19.08.2024 00:30:21.402 GMT+0200,1.10257,1.1025200000000002,14.4,0.9
19.08.2024 00:30:21.555 GMT+0200,1.10256,1.1025200000000002,3.6,0.9
19.08.2024 00:30:21.660 GMT+0200,1.1025500000000001,1.1025200000000002,4.5,0.9
19.08.2024 00:30:22.122 GMT+0200,1.10256,1.1025200000000002,1.35,0.9
19.08.2024 00:30:22.276 GMT+0200,1.10257,1.1025200000000002,6.75,4.5
19.08.2024 00:30:24.243 GMT+0200,1.10256,1.1025200000000002,0.9,4.5
19.08.2024 00:30:28.340 GMT+0200,1.10254,1.1025200000000002,0.9,4.5
19.08.2024 00:30:30.507 GMT+0200,1.10256,1.1025200000000002,5.4,0.9
19.08.2024 00:30:32.586 GMT+0200,1.1025500000000001,1.1025200000000002,3.6,0.9
19.08.2024 00:30:32.690 GMT+0200,1.10256,1.1025200000000002,7.2,0.9
19.08.2024 00:30:33.510 GMT+0200,1.1025500000000001,1.1025200000000002,3.6,0.9
19.08.2024 00:30:33.614 GMT+0200,1.10256,1.1025200000000002,6.75,0.9
19.08.2024 00:30:38.514 GMT+0200,1.1025500000000001,1.1025200000000002,3.6,0.9
19.08.2024 00:30:40.783 GMT+0200,1.1025500000000001,1.10251,4.5,4.95
19.08.2024 00:30:41.287 GMT+0200,1.1025500000000001,1.1025200000000002,0.9,3.6
19.08.2024 00:30:42.247 GMT+0200,1.1025500000000001,1.10251,4.5,4.95
19.08.2024 00:30:42.351 GMT+0200,1.1025500000000001,1.1025200000000002,0.9,3.6
19.08.2024 00:30:43.165 GMT+0200,1.10254,1.1025200000000002,0.9,3.6
19.08.2024 00:30:44.279 GMT+0200,1.10254,1.10251,0.9,4.5
19.08.2024 00:30:47.573 GMT+0200,1.10254,1.1025200000000002,0.9,3.6
19.08.2024 00:30:48.382 GMT+0200,1.1025500000000001,1.10253,0.9,3.6
19.08.2024 00:30:49.241 GMT+0200,1.10254,1.1025200000000002,0.9,3.6
19.08.2024 00:30:50.755 GMT+0200,1.1025500000000001,1.1025200000000002,0.9,3.6
19.08.2024 00:30:51.164 GMT+0200,1.10256,1.1025200000000002,4.5,4.5
19.08.2024 00:30:54.603 GMT+0200,1.10257,1.10254,0.9,4.5
19.08.2024 00:30:54.708 GMT+0200,1.10258,1.1025500000000001,3.15,3.6
19.08.2024 00:30:55.221 GMT+0200,1.1026,1.10256,4.5,4.5
19.08.2024 00:31:00.160 GMT+0200,1.10261,1.10257,2.25,0.9
19.08.2024 00:31:03.139 GMT+0200,1.1026,1.10257,0.9,4.5
19.08.2024 00:31:07.499 GMT+0200,1.10261,1.10259,0.9,4.5
19.08.2024 00:31:21.938 GMT+0200,1.10264,1.10261,1.37,4.5
19.08.2024 00:31:22.043 GMT+0200,1.1026500000000001,1.1026200000000002,0.9,4.5
19.08.2024 00:31:28.362 GMT+0200,1.10267,1.10264,4.5,0.9
19.08.2024 00:31:31.855 GMT+0200,1.1026600000000002,1.10264,3.6,0.9
19.08.2024 00:31:34.281 GMT+0200,1.1026500000000001,1.1026200000000002,4.5,0.9
19.08.2024 00:31:43.952 GMT+0200,1.1026500000000001,1.10263,0.9,4.5
19.08.2024 00:31:54.120 GMT+0200,1.10264,1.10261,0.9,4.95
19.08.2024 00:31:54.378 GMT+0200,1.10264,1.1026200000000002,0.9,3.6
19.08.2024 00:31:56.704 GMT+0200,1.10264,1.10261,0.9,4.95
19.08.2024 00:31:56.859 GMT+0200,1.10264,1.1026200000000002,0.9,3.6
19.08.2024 00:32:01.141 GMT+0200,1.10264,1.10261,0.9,4.95
19.08.2024 00:32:11.680 GMT+0200,1.1026500000000001,1.1026200000000002,4.5,0.9
19.08.2024 00:32:13.454 GMT+0200,1.1026,1.10258,0.9,4.5
19.08.2024 00:32:13.558 GMT+0200,1.1026,1.10259,0.9,2.25
19.08.2024 00:32:13.611 GMT+0200,1.1026,1.10257,0.9,4.5
19.08.2024 00:32:18.769 GMT+0200,1.10258,1.1025500000000001,0.9,5.4
19.08.2024 00:32:20.092 GMT+0200,1.1026,1.10257,5.85,0.9
19.08.2024 00:32:33.312 GMT+0200,1.10261,1.10258,3.6,0.9
19.08.2024 00:32:42.334 GMT+0200,1.10261,1.10257,4.5,4.5
19.08.2024 00:32:43.605 GMT+0200,1.10261,1.10258,3.6,0.9
19.08.2024 00:32:52.109 GMT+0200,1.10261,1.10257,0.9,0.9
19.08.2024 00:32:52.263 GMT+0200,1.1026200000000002,1.10257,9.99,0.9
19.08.2024 00:32:55.892 GMT+0200,1.1026200000000002,1.10258,4.5,0.9
19.08.2024 00:32:56.196 GMT+0200,1.10261,1.10258,3.6,0.9
19.08.2024 00:32:59.218 GMT+0200,1.10261,1.10257,4.5,0.9
19.08.2024 00:32:59.321 GMT+0200,1.1026200000000002,1.10257,6.3,0.9
19.08.2024 00:33:00.031 GMT+0200,1.10261,1.10257,3.6,4.5
19.08.2024 00:33:00.385 GMT+0200,1.10261,1.10258,3.6,0.9
19.08.2024 00:33:03.967 GMT+0200,1.1026200000000002,1.10258,0.9,0.9
19.08.2024 00:33:04.070 GMT+0200,1.10263,1.10258,11.79,0.9
19.08.2024 00:33:04.829 GMT+0200,1.10261,1.10258,3.6,0.9
19.08.2024 00:33:05.739 GMT+0200,1.1026200000000002,1.10258,4.5,0.9
19.08.2024 00:33:07.755 GMT+0200,1.10261,1.10258,3.6,0.9
19.08.2024 00:33:12.649 GMT+0200,1.1026200000000002,1.10258,4.5,4.5
19.08.2024 00:33:18.519 GMT+0200,1.10263,1.10261,0.45,0.9
19.08.2024 00:33:18.625 GMT+0200,1.10264,1.10263,0.9,0.9
19.08.2024 00:33:18.728 GMT+0200,1.1026600000000002,1.10263,3.6,0.9
19.08.2024 00:33:18.884 GMT+0200,1.1026600000000002,1.1026200000000002,3.6,0.9
19.08.2024 00:33:18.988 GMT+0200,1.1026500000000001,1.1026200000000002,3.6,0.9
19.08.2024 00:33:19.091 GMT+0200,1.1026600000000002,1.1026200000000002,5.4,0.9
19.08.2024 00:33:19.649 GMT+0200,1.1026500000000001,1.1026200000000002,3.6,0.9
19.08.2024 00:33:24.435 GMT+0200,1.1026600000000002,1.10263,3.6,0.9
19.08.2024 00:33:26.961 GMT+0200,1.10267,1.10263,6.75,0.9
19.08.2024 00:33:27.269 GMT+0200,1.1026799999999999,1.1026600000000002,0.9,4.5
19.08.2024 00:33:27.323 GMT+0200,1.10271,1.1026799999999999,9,0.9
19.08.2024 00:33:27.632 GMT+0200,1.1027,1.1026799999999999,3.6,0.9
19.08.2024 00:33:27.789 GMT+0200,1.10271,1.1026799999999999,4.05,0.9
19.08.2024 00:33:29.260 GMT+0200,1.1027200000000001,1.1026799999999999,6.3,0.9
19.08.2024 00:33:29.563 GMT+0200,1.10271,1.1026799999999999,3.6,0.9
19.08.2024 00:33:34.504 GMT+0200,1.1027200000000001,1.1026799999999999,6.75,0.9
19.08.2024 00:33:34.608 GMT+0200,1.10271,1.1026799999999999,3.6,0.9
19.08.2024 00:33:40.213 GMT+0200,1.10271,1.10269,3.6,0.9
19.08.2024 00:33:42.745 GMT+0200,1.1027200000000001,1.10269,3.6,0.9
19.08.2024 00:33:42.848 GMT+0200,1.10271,1.10269,3.6,0.9
19.08.2024 00:33:43.863 GMT+0200,1.1027200000000001,1.10269,3.6,0.9
19.08.2024 00:33:43.967 GMT+0200,1.10271,1.10269,3.6,0.9
19.08.2024 00:33:45.586 GMT+0200,1.10273,1.1027,2.25,0.9
19.08.2024 00:33:45.849 GMT+0200,1.10274,1.1027,5.85,0.9
19.08.2024 00:33:46.870 GMT+0200,1.10273,1.1027,3.6,0.9
19.08.2024 00:33:46.978 GMT+0200,1.10271,1.10267,6.75,0.9
19.08.2024 00:33:47.031 GMT+0200,1.10271,1.10269,4.5,0.9
19.08.2024 00:33:55.553 GMT+0200,1.1027,1.1026799999999999,3.6,0.9
19.08.2024 00:33:57.321 GMT+0200,1.10271,1.10269,3.6,0.9
19.08.2024 00:33:57.475 GMT+0200,1.10271,1.10267,3.6,0.9
19.08.2024 00:34:02.132 GMT+0200,1.10271,1.1026799999999999,3.6,0.9
19.08.2024 00:34:02.698 GMT+0200,1.1027,1.10267,3.6,0.9
19.08.2024 00:34:02.803 GMT+0200,1.10271,1.10267,3.6,4.5
19.08.2024 00:34:06.433 GMT+0200,1.1027,1.10267,3.6,0.9
19.08.2024 00:34:14.531 GMT+0200,1.10271,1.10267,5.85,4.5
19.08.2024 00:34:15.242 GMT+0200,1.1027,1.10267,3.6,0.9
19.08.2024 00:34:15.346 GMT+0200,1.10271,1.10267,6.75,4.5
19.08.2024 00:34:16.311 GMT+0200,1.1027,1.10267,3.6,0.9
19.08.2024 00:34:16.623 GMT+0200,1.10271,1.1026799999999999,4.95,0.9
19.08.2024 00:34:18.905 GMT+0200,1.1027,1.1026799999999999,3.6,0.9
19.08.2024 00:34:19.418 GMT+0200,1.10271,1.1026799999999999,4.5,0.9
19.08.2024 00:34:21.034 GMT+0200,1.1027,1.1026799999999999,3.6,0.9
19.08.2024 00:34:21.140 GMT+0200,1.10271,1.1026799999999999,4.5,0.9
19.08.2024 00:34:26.631 GMT+0200,1.10271,1.10267,4.5,4.5
19.08.2024 00:34:26.735 GMT+0200,1.1027,1.10267,3.6,0.9
19.08.2024 00:34:26.839 GMT+0200,1.10271,1.10267,4.5,4.5
19.08.2024 00:34:30.718 GMT+0200,1.1027,1.10267,3.6,0.9
19.08.2024 00:34:30.873 GMT+0200,1.10271,1.10267,5.85,4.5
19.08.2024 00:34:31.181 GMT+0200,1.1027,1.10267,3.6,0.9
19.08.2024 00:34:33.907 GMT+0200,1.10271,1.10267,4.5,4.5
19.08.2024 00:34:37.494 GMT+0200,1.1027,1.10267,0.13,4.5
19.08.2024 00:34:37.597 GMT+0200,1.10271,1.10267,4.59,4.5
19.08.2024 00:34:39.163 GMT+0200,1.1027,1.10267,0.99,4.5
19.08.2024 00:34:39.318 GMT+0200,1.10271,1.10267,4.5,4.5
19.08.2024 00:34:46.465 GMT+0200,1.10271,1.1026799999999999,0.9,3.6
19.08.2024 00:34:46.669 GMT+0200,1.10271,1.10267,4.5,4.5
19.08.2024 00:34:47.278 GMT+0200,1.1027,1.10267,3.69,0.9
19.08.2024 00:34:51.467 GMT+0200,1.10269,1.10267,1.8,0.9
19.08.2024 00:34:51.776 GMT+0200,1.10269,1.1026600000000002,0.9,4.5
19.08.2024 00:34:54.409 GMT+0200,1.1026799999999999,1.1026600000000002,3.6,0.9
19.08.2024 00:34:54.513 GMT+0200,1.10269,1.1026600000000002,0.9,4.5
19.08.2024 00:34:55.733 GMT+0200,1.10269,1.10267,0.9,3.6
19.08.2024 00:34:56.645 GMT+0200,1.10269,1.1026600000000002,0.9,5.4
19.08.2024 00:34:57.756 GMT+0200,1.10269,1.10267,0.9,3.6
19.08.2024 00:34:59.525 GMT+0200,1.10269,1.1026600000000002,0.9,6.3
19.08.2024 00:34:59.884 GMT+0200,1.10269,1.10267,0.9,3.6
19.08.2024 00:35:00.642 GMT+0200,1.10269,1.1026600000000002,0.9,5.4
19.08.2024 00:35:01.399 GMT+0200,1.10269,1.10267,0.9,3.6
19.08.2024 00:35:15.083 GMT+0200,1.10267,1.10264,5.4,3.15
19.08.2024 00:35:15.137 GMT+0200,1.10264,1.10263,0.9,2.25
19.08.2024 00:35:15.190 GMT+0200,1.10264,1.1026200000000002,0.9,9
19.08.2024 00:35:15.802 GMT+0200,1.1026600000000002,1.10263,0.9,0.9
19.08.2024 00:35:19.646 GMT+0200,1.1026500000000001,1.1026200000000002,0.9,4.5
19.08.2024 00:35:23.882 GMT+0200,1.1026500000000001,1.10263,3.6,0.9
19.08.2024 00:35:23.986 GMT+0200,1.1026600000000002,1.10263,4.5,0.9
19.08.2024 00:35:32.654 GMT+0200,1.1026600000000002,1.10264,4.5,1.8
19.08.2024 00:35:32.708 GMT+0200,1.1026799999999999,1.1026600000000002,3.15,3.6
19.08.2024 00:35:32.813 GMT+0200,1.10269,1.1026600000000002,0.9,5.85
19.08.2024 00:35:32.916 GMT+0200,1.10269,1.10267,0.9,3.6
19.08.2024 00:35:33.021 GMT+0200,1.10269,1.1026600000000002,0.9,4.5
19.08.2024 00:35:40.472 GMT+0200,1.1027,1.10267,4.5,0.9
19.08.2024 00:35:47.923 GMT+0200,1.1026799999999999,1.1026500000000001,6.3,3.15
19.08.2024 00:35:51.769 GMT+0200,1.1026799999999999,1.10264,0.9,3.6
19.08.2024 00:35:51.872 GMT+0200,1.1026799999999999,1.1026500000000001,0.9,3.6
19.08.2024 00:35:52.180 GMT+0200,1.1026799999999999,1.10264,4.5,3.6
19.08.2024 00:35:53.240 GMT+0200,1.1026799999999999,1.1026500000000001,0.9,3.6
19.08.2024 00:35:53.342 GMT+0200,1.1026799999999999,1.10264,4.5,3.6
19.08.2024 00:35:56.164 GMT+0200,1.1026799999999999,1.1026500000000001,0.9,3.6
19.08.2024 00:35:58.133 GMT+0200,1.1026799999999999,1.10264,4.5,3.6
19.08.2024 00:35:58.236 GMT+0200,1.1026799999999999,1.1026500000000001,0.9,3.6
19.08.2024 00:35:59.098 GMT+0200,1.1026799999999999,1.10264,4.5,3.6
19.08.2024 00:36:03.941 GMT+0200,1.1026799999999999,1.1026500000000001,0.9,3.6
19.08.2024 00:36:04.047 GMT+0200,1.1026799999999999,1.10267,0.9,3.6
19.08.2024 00:36:04.152 GMT+0200,1.1026799999999999,1.1026600000000002,0.9,0.45
19.08.2024 00:36:04.257 GMT+0200,1.10267,1.10264,0.9,3.6
19.08.2024 00:36:07.386 GMT+0200,1.1026799999999999,1.1026500000000001,0.9,3.6
19.08.2024 00:36:07.490 GMT+0200,1.1026799999999999,1.1026600000000002,0.9,3.6
19.08.2024 00:36:07.594 GMT+0200,1.1026799999999999,1.1026500000000001,0.9,3.6
19.08.2024 00:36:18.891 GMT+0200,1.10267,1.1026500000000001,0.9,3.6
19.08.2024 00:36:19.097 GMT+0200,1.10267,1.10264,0.9,3.6
19.08.2024 00:36:19.200 GMT+0200,1.10267,1.1026500000000001,0.9,3.6
19.08.2024 00:36:19.607 GMT+0200,1.10267,1.10264,0.9,3.6
19.08.2024 00:36:20.318 GMT+0200,1.10267,1.1026500000000001,0.9,3.6
19.08.2024 00:36:20.473 GMT+0200,1.10267,1.10264,0.9,3.6
19.08.2024 00:36:21.734 GMT+0200,1.10267,1.1026500000000001,0.9,3.6
19.08.2024 00:36:22.543 GMT+0200,1.1026799999999999,1.1026500000000001,0.9,4.5
19.08.2024 00:36:23.918 GMT+0200,1.1027,1.1026799999999999,0.9,0.45
19.08.2024 00:36:24.022 GMT+0200,1.1027,1.10267,0.9,3.6
19.08.2024 00:36:24.281 GMT+0200,1.10269,1.1026600000000002,0.9,8.1
19.08.2024 00:36:24.436 GMT+0200,1.10269,1.10267,0.9,3.6
19.08.2024 00:36:24.690 GMT+0200,1.1027,1.10267,0.9,3.6
19.08.2024 00:36:24.794 GMT+0200,1.1027,1.1026600000000002,4.5,4.05
19.08.2024 00:36:24.997 GMT+0200,1.1027,1.10267,0.9,3.6
19.08.2024 00:36:25.151 GMT+0200,1.1027,1.1026600000000002,4.5,4.05
19.08.2024 00:36:28.506 GMT+0200,1.10269,1.10267,0.9,3.6
19.08.2024 00:36:28.713 GMT+0200,1.1027,1.1026799999999999,0.9,3.6
19.08.2024 00:36:28.817 GMT+0200,1.1027,1.10267,0.9,3.6
19.08.2024 00:36:35.625 GMT+0200,1.1027,1.1026799999999999,0.9,3.6
19.08.2024 00:36:35.778 GMT+0200,1.1027,1.10267,0.9,3.6
19.08.2024 00:36:35.932 GMT+0200,1.1027,1.1026799999999999,0.9,3.6
19.08.2024 00:36:36.794 GMT+0200,1.1027,1.10267,0.9,3.6
19.08.2024 00:36:41.546 GMT+0200,1.10269,1.1026600000000002,0.9,4.5
19.08.2024 00:36:41.649 GMT+0200,1.10269,1.10267,0.9,3.6
19.08.2024 00:36:42.611 GMT+0200,1.10269,1.1026600000000002,0.9,4.5
19.08.2024 00:36:54.767 GMT+0200,1.1027,1.10267,0.9,3.6
19.08.2024 00:36:56.853 GMT+0200,1.1026799999999999,1.1026500000000001,0.9,5.85
19.08.2024 00:37:05.230 GMT+0200,1.1026799999999999,1.1026600000000002,0.9,3.6
19.08.2024 00:37:05.334 GMT+0200,1.1026799999999999,1.1026500000000001,0.9,3.6
19.08.2024 00:37:06.656 GMT+0200,1.1026799999999999,1.10264,0.9,3.6
19.08.2024 00:37:09.294 GMT+0200,1.1026799999999999,1.1026500000000001,0.9,3.6
19.08.2024 00:37:09.550 GMT+0200,1.1026799999999999,1.10264,4.5,3.6
19.08.2024 00:37:09.654 GMT+0200,1.1026799999999999,1.1026500000000001,0.9,3.6
19.08.2024 00:37:09.859 GMT+0200,1.1026799999999999,1.10264,0.9,3.6
19.08.2024 00:37:10.317 GMT+0200,1.1026799999999999,1.1026500000000001,0.9,3.6
19.08.2024 00:37:19.722 GMT+0200,1.1026799999999999,1.10264,4.5,3.6
19.08.2024 00:37:20.432 GMT+0200,1.1026799999999999,1.1026500000000001,4.5,0.9
19.08.2024 00:37:22.455 GMT+0200,1.10267,1.10264,0.9,4.5
19.08.2024 00:37:23.721 GMT+0200,1.1026600000000002,1.10263,0.9,4.5
19.08.2024 00:37:29.827 GMT+0200,1.10264,1.1026200000000002,0.9,3.6
19.08.2024 00:37:29.932 GMT+0200,1.1026500000000001,1.10263,0.9,0.9
19.08.2024 00:38:30.821 GMT+0200,1.1026500000000001,1.1026200000000002,0.9,4.5
19.08.2024 00:38:41.823 GMT+0200,1.1026500000000001,1.10263,0.9,0.9
19.08.2024 00:38:43.540 GMT+0200,1.10264,1.10261,1.35,4.5
19.08.2024 00:38:44.710 GMT+0200,1.1026200000000002,1.10261,0.9,0.45
19.08.2024 00:38:44.762 GMT+0200,1.1026200000000002,1.10259,0.9,4.5
19.08.2024 00:39:04.335 GMT+0200,1.10261,1.10259,3.6,0.9
19.08.2024 00:39:07.158 GMT+0200,1.1026200000000002,1.10259,4.5,0.9
19.08.2024 00:39:07.262 GMT+0200,1.10261,1.10259,3.6,0.9
19.08.2024 00:39:08.272 GMT+0200,1.10263,1.10261,4.95,0.9
19.08.2024 00:39:08.377 GMT+0200,1.1026200000000002,1.1026,0.9,0.9
19.08.2024 00:39:08.635 GMT+0200,1.10261,1.10258,0.9,4.5
19.08.2024 00:39:09.697 GMT+0200,1.10261,1.10259,0.9,3.6
19.08.2024 00:39:11.963 GMT+0200,1.10261,1.10258,0.9,4.5
19.08.2024 00:39:16.618 GMT+0200,1.10261,1.10259,0.9,3.6
19.08.2024 00:39:16.722 GMT+0200,1.10261,1.10258,0.9,4.5
19.08.2024 00:39:55.322 GMT+0200,1.10264,1.1026200000000002,1.8,3.6
19.08.2024 00:39:55.426 GMT+0200,1.1026500000000001,1.1026200000000002,0.9,3.6
19.08.2024 00:39:55.532 GMT+0200,1.10264,1.1026,4.5,4.5
19.08.2024 00:39:55.636 GMT+0200,1.1026200000000002,1.10259,0.9,3.6
19.08.2024 00:40:01.490 GMT+0200,1.1026200000000002,1.10258,4.5,4.5
19.08.2024 00:40:01.668 GMT+0200,1.10261,1.10259,0.9,3.6
19.08.2024 00:40:05.243 GMT+0200,1.10261,1.10258,0.9,3.6
19.08.2024 00:40:05.396 GMT+0200,1.10261,1.10259,0.9,3.6
19.08.2024 00:40:05.702 GMT+0200,1.10261,1.10258,0.9,3.6
19.08.2024 00:40:06.059 GMT+0200,1.10261,1.10257,0.9,4.5
19.08.2024 00:40:06.767 GMT+0200,1.10261,1.10258,0.9,3.6
19.08.2024 00:40:09.195 GMT+0200,1.10261,1.10259,1.8,3.6
19.08.2024 00:40:13.343 GMT+0200,1.10261,1.10258,0.9,3.6
19.08.2024 00:40:17.787 GMT+0200,1.10261,1.10259,1.8,3.6
19.08.2024 00:40:21.559 GMT+0200,1.10261,1.10258,0.9,3.6
19.08.2024 00:40:46.351 GMT+0200,1.1026,1.10257,0.9,3.6
19.08.2024 00:40:46.457 GMT+0200,1.10259,1.10257,0.9,3.6
19.08.2024 00:40:46.562 GMT+0200,1.1026,1.10257,1.8,3.6
19.08.2024 00:40:49.734 GMT+0200,1.1026,1.10256,4.5,5.4
19.08.2024 00:40:49.838 GMT+0200,1.1026,1.10257,1.8,3.6
19.08.2024 00:40:52.871 GMT+0200,1.1026,1.10256,4.5,5.4
19.08.2024 00:40:56.401 GMT+0200,1.10259,1.10256,0.9,5.4
19.08.2024 00:41:09.184 GMT+0200,1.10257,1.10256,0.9,0.9
19.08.2024 00:41:09.239 GMT+0200,1.1025500000000001,1.10253,0.9,0.9
19.08.2024 00:41:09.343 GMT+0200,1.10254,1.1025200000000002,0.9,3.6
19.08.2024 00:41:09.498 GMT+0200,1.10254,1.10251,0.9,6.75
19.08.2024 00:41:09.753 GMT+0200,1.1025500000000001,1.10251,5.4,6.75
19.08.2024 00:41:11.310 GMT+0200,1.1025500000000001,1.1025200000000002,1.8,3.6
19.08.2024 00:41:11.414 GMT+0200,1.1025500000000001,1.10251,5.4,6.3
19.08.2024 00:41:12.372 GMT+0200,1.1025500000000001,1.1025200000000002,1.8,3.6
19.08.2024 00:41:12.525 GMT+0200,1.1025500000000001,1.10251,5.4,5.85
19.08.2024 00:41:13.383 GMT+0200,1.1025500000000001,1.1025200000000002,1.8,3.6
19.08.2024 00:41:13.588 GMT+0200,1.10253,1.10251,2.7,1.35
19.08.2024 00:41:13.693 GMT+0200,1.10251,1.10248,1.8,3.6
19.08.2024 00:41:15.465 GMT+0200,1.10251,1.10247,1.8,4.5
19.08.2024 00:41:18.345 GMT+0200,1.1025,1.10247,0.9,4.5
19.08.2024 00:41:18.855 GMT+0200,1.10251,1.10247,5.4,4.5
19.08.2024 00:41:20.165 GMT+0200,1.1025,1.10247,0.9,4.5
19.08.2024 00:41:20.771 GMT+0200,1.10251,1.10247,5.4,4.5
19.08.2024 00:41:21.175 GMT+0200,1.1025,1.10247,0.9,4.5
19.08.2024 00:41:21.730 GMT+0200,1.10251,1.10247,5.4,4.5
19.08.2024 00:41:23.646 GMT+0200,1.1025,1.10247,0.9,4.5
19.08.2024 00:41:25.458 GMT+0200,1.1025,1.10248,1.8,0.9
19.08.2024 00:41:36.273 GMT+0200,1.1025,1.10247,4.5,0.9
19.08.2024 00:41:45.095 GMT+0200,1.10248,1.10246,0.9,4.5
19.08.2024 00:41:45.199 GMT+0200,1.10249,1.10247,1.8,0.9
19.08.2024 00:41:55.792 GMT+0200,1.1025,1.10247,0.9,4.5
19.08.2024 00:41:56.047 GMT+0200,1.10251,1.10248,5.4,0.9
19.08.2024 00:41:56.202 GMT+0200,1.1025,1.10248,0.9,0.9
19.08.2024 00:41:59.130 GMT+0200,1.10251,1.10248,5.4,0.9
19.08.2024 00:42:01.303 GMT+0200,1.1025,1.10247,0.9,4.5
19.08.2024 00:42:10.262 GMT+0200,1.10249,1.10247,0.9,0.9
19.08.2024 00:42:10.569 GMT+0200,1.1025,1.10247,5.4,0.9
19.08.2024 00:42:11.581 GMT+0200,1.10249,1.10246,0.9,4.95
19.08.2024 00:42:11.686 GMT+0200,1.1025,1.10247,5.4,0.9
19.08.2024 00:42:12.395 GMT+0200,1.10249,1.10247,0.9,0.9
19.08.2024 00:42:12.704 GMT+0200,1.1025,1.10247,5.4,0.9
19.08.2024 00:42:15.544 GMT+0200,1.10249,1.10247,0.9,0.9
19.08.2024 00:42:16.053 GMT+0200,1.1025,1.10247,5.4,0.9
19.08.2024 00:42:16.561 GMT+0200,1.10249,1.10247,0.9,0.9
19.08.2024 00:42:17.271 GMT+0200,1.1025,1.10247,5.4,0.9
19.08.2024 00:42:17.782 GMT+0200,1.10249,1.10247,0.9,0.9
19.08.2024 00:42:18.389 GMT+0200,1.1025,1.10247,5.4,0.9
19.08.2024 00:42:18.493 GMT+0200,1.10249,1.10247,0.9,0.9
19.08.2024 00:42:19.306 GMT+0200,1.1025,1.10247,5.4,0.9
19.08.2024 00:42:19.817 GMT+0200,1.10249,1.10247,0.9,0.9
19.08.2024 00:42:20.224 GMT+0200,1.1025,1.10247,5.4,0.9
19.08.2024 00:42:20.328 GMT+0200,1.10249,1.10247,0.9,0.9
19.08.2024 00:42:20.683 GMT+0200,1.1025,1.10247,5.4,0.9
19.08.2024 00:42:21.746 GMT+0200,1.10249,1.10247,0.9,0.9
19.08.2024 00:42:23.365 GMT+0200,1.1025,1.10247,5.4,0.9
19.08.2024 00:42:24.375 GMT+0200,1.10249,1.10247,0.9,0.9
19.08.2024 00:42:24.883 GMT+0200,1.1025,1.10247,5.4,0.9
19.08.2024 00:42:25.086 GMT+0200,1.10249,1.10247,0.9,0.9
19.08.2024 00:42:25.391 GMT+0200,1.1025,1.10247,5.4,0.9
19.08.2024 00:42:27.515 GMT+0200,1.10249,1.10247,0.9,0.9
19.08.2024 00:42:30.749 GMT+0200,1.1025,1.10247,1.8,4.5
19.08.2024 00:42:31.665 GMT+0200,1.10249,1.10247,0.9,0.9
19.08.2024 00:42:31.768 GMT+0200,1.1025,1.10247,5.4,0.9
19.08.2024 00:42:32.986 GMT+0200,1.10249,1.10247,0.9,0.9
19.08.2024 00:42:34.600 GMT+0200,1.1025,1.10247,5.4,0.9
19.08.2024 00:42:35.107 GMT+0200,1.10249,1.10247,0.9,0.9
19.08.2024 00:42:35.614 GMT+0200,1.1025,1.10247,5.4,0.9
19.08.2024 00:42:35.920 GMT+0200,1.10249,1.10247,0.9,0.9
19.08.2024 00:42:36.125 GMT+0200,1.1025,1.10247,5.4,0.9
19.08.2024 00:42:37.036 GMT+0200,1.10249,1.10247,0.9,0.9
19.08.2024 00:42:37.243 GMT+0200,1.1025,1.10247,1.8,4.5
19.08.2024 00:42:45.245 GMT+0200,1.1025,1.10248,1.8,0.9
19.08.2024 00:42:47.976 GMT+0200,1.10249,1.10248,0.9,0.9
19.08.2024 00:42:48.687 GMT+0200,1.1025,1.10248,5.4,0.9
19.08.2024 00:42:57.449 GMT+0200,1.1025,1.10247,1.8,4.5
19.08.2024 00:43:00.169 GMT+0200,1.10251,1.10249,0.9,4.5
19.08.2024 00:43:00.222 GMT+0200,1.1025200000000002,1.10249,1.8,4.5
19.08.2024 00:43:00.735 GMT+0200,1.10251,1.10249,0.9,0.9
19.08.2024 00:43:00.838 GMT+0200,1.1025200000000002,1.10249,5.49,0.9
19.08.2024 00:43:01.094 GMT+0200,1.1025,1.10248,0.9,3.6
19.08.2024 00:43:01.147 GMT+0200,1.10249,1.10246,5.85,0.9
19.08.2024 00:43:04.790 GMT+0200,1.10249,1.10247,0.9,3.6
19.08.2024 00:43:05.598 GMT+0200,1.10249,1.10246,0.9,5.4
19.08.2024 00:43:12.757 GMT+0200,1.10249,1.10247,1.8,0.9
19.08.2024 00:43:47.289 GMT+0200,1.10248,1.10246,0.9,0.45
19.08.2024 00:43:48.254 GMT+0200,1.10249,1.10247,1.8,0.9
19.08.2024 00:44:52.470 GMT+0200,1.10248,1.10246,0.9,3.6
19.08.2024 00:44:52.575 GMT+0200,1.10248,1.1024500000000002,5.4,0.9
19.08.2024 00:44:53.084 GMT+0200,1.10247,1.1024500000000002,0.9,0.9
19.08.2024 00:44:53.892 GMT+0200,1.10248,1.1024500000000002,5.4,0.9
19.08.2024 00:44:54.904 GMT+0200,1.10247,1.1024500000000002,0.9,0.9
19.08.2024 00:44:55.811 GMT+0200,1.10248,1.1024500000000002,5.4,0.9
19.08.2024 00:44:56.320 GMT+0200,1.10247,1.1024500000000002,0.9,0.9
19.08.2024 00:44:57.283 GMT+0200,1.10247,1.10244,5.4,0.9
19.08.2024 00:45:19.137 GMT+0200,1.10246,1.10244,0.9,0.9
19.08.2024 00:45:19.642 GMT+0200,1.10247,1.10244,5.4,0.9
19.08.2024 00:45:24.930 GMT+0200,1.10246,1.10244,0.9,0.9
19.08.2024 00:45:25.538 GMT+0200,1.10247,1.10244,5.4,0.9
19.08.2024 00:45:28.913 GMT+0200,1.10246,1.10244,0.9,0.9
19.08.2024 00:45:32.946 GMT+0200,1.10247,1.10244,5.4,0.9
19.08.2024 00:45:41.644 GMT+0200,1.10247,1.10246,0.9,0.9
19.08.2024 00:45:41.697 GMT+0200,1.10247,1.10244,0.9,4.5
19.08.2024 00:45:51.777 GMT+0200,1.10248,1.10244,4.5,4.5
19.08.2024 00:46:00.211 GMT+0200,1.10249,1.10246,4.5,0.9
19.08.2024 00:46:01.686 GMT+0200,1.1025200000000002,1.10249,6.3,4.5
19.08.2024 00:46:05.881 GMT+0200,1.10254,1.10253,3.6,1.8
19.08.2024 00:46:05.934 GMT+0200,1.10256,1.1025500000000001,2.25,0.9
19.08.2024 00:46:05.987 GMT+0200,1.10257,1.1025500000000001,0.9,0.9
19.08.2024 00:46:06.194 GMT+0200,1.10259,1.10257,0.9,0.9
19.08.2024 00:46:06.299 GMT+0200,1.10261,1.10259,0.9,3.6
19.08.2024 00:46:06.809 GMT+0200,1.10261,1.10258,0.9,1.8
19.08.2024 00:46:07.782 GMT+0200,1.10261,1.10259,0.9,3.6
19.08.2024 00:46:10.210 GMT+0200,1.10263,1.1026,4.5,0.9
19.08.2024 00:46:13.951 GMT+0200,1.1026600000000002,1.10263,6.84,0.9
19.08.2024 00:46:14.055 GMT+0200,1.1026500000000001,1.10263,0.9,0.9
19.08.2024 00:46:14.158 GMT+0200,1.1026600000000002,1.10263,0.9,0.9
19.08.2024 00:46:14.567 GMT+0200,1.10267,1.1026500000000001,3.6,3.6
19.08.2024 00:46:14.671 GMT+0200,1.10267,1.10264,0.9,4.5
19.08.2024 00:46:25.399 GMT+0200,1.10269,1.1026600000000002,4.95,0.9
19.08.2024 00:46:25.503 GMT+0200,1.1027,1.10267,0.9,4.5
19.08.2024 00:46:25.659 GMT+0200,1.10269,1.1026600000000002,0.9,4.5
19.08.2024 00:46:25.763 GMT+0200,1.1027,1.10267,0.9,4.5
19.08.2024 00:46:29.231 GMT+0200,1.10269,1.10267,0.9,0.9
19.08.2024 00:46:50.385 GMT+0200,1.10269,1.1026600000000002,0.9,4.5
19.08.2024 00:46:53.310 GMT+0200,1.10269,1.10267,0.9,3.6
19.08.2024 00:46:54.875 GMT+0200,1.10269,1.1026600000000002,0.9,4.5
19.08.2024 00:46:58.145 GMT+0200,1.1026799999999999,1.1026600000000002,0.9,3.6
19.08.2024 00:46:58.249 GMT+0200,1.1026600000000002,1.10264,0.9,4.5
19.08.2024 00:47:03.951 GMT+0200,1.1026799999999999,1.1026500000000001,0.9,5.4
19.08.2024 00:47:04.159 GMT+0200,1.10267,1.10264,0.9,8.55
19.08.2024 00:47:09.539 GMT+0200,1.1026799999999999,1.1026500000000001,4.5,0.9
19.08.2024 00:47:16.496 GMT+0200,1.1026600000000002,1.10264,0.9,4.5
19.08.2024 00:47:20.330 GMT+0200,1.1026600000000002,1.1026500000000001,0.9,3.6
19.08.2024 00:47:20.434 GMT+0200,1.1026600000000002,1.10264,0.9,5.85
19.08.2024 00:47:23.256 GMT+0200,1.1026799999999999,1.1026600000000002,0.9,0.9
19.08.2024 00:47:25.689 GMT+0200,1.10269,1.1026600000000002,0.9,4.5
19.08.2024 00:47:25.894 GMT+0200,1.10269,1.10267,0.9,3.6
19.08.2024 00:47:26.250 GMT+0200,1.10269,1.1026600000000002,0.9,4.5
19.08.2024 00:47:28.678 GMT+0200,1.10269,1.10267,0.9,3.6
19.08.2024 00:47:35.673 GMT+0200,1.10269,1.1026600000000002,0.9,4.5
19.08.2024 00:47:35.828 GMT+0200,1.10269,1.10267,0.9,3.6
19.08.2024 00:47:38.100 GMT+0200,1.10269,1.1026600000000002,0.9,4.5
19.08.2024 00:47:39.166 GMT+0200,1.10267,1.1026500000000001,0.9,4.5
19.08.2024 00:47:39.269 GMT+0200,1.10267,1.10264,0.9,6.75
19.08.2024 00:47:43.007 GMT+0200,1.1026600000000002,1.10263,4.5,0.9
19.08.2024 00:47:51.735 GMT+0200,1.1026500000000001,1.10263,3.6,0.9
19.08.2024 00:47:51.990 GMT+0200,1.1026600000000002,1.10263,4.5,0.9
19.08.2024 00:47:52.094 GMT+0200,1.10264,1.1026200000000002,0.9,3.6
19.08.2024 00:47:52.197 GMT+0200,1.10263,1.10261,0.9,0.9
19.08.2024 00:47:54.224 GMT+0200,1.10263,1.1026200000000002,0.9,3.6
19.08.2024 00:47:54.328 GMT+0200,1.10263,1.10261,0.9,4.5
19.08.2024 00:47:56.306 GMT+0200,1.1026200000000002,1.1026,0.9,0.9
19.08.2024 00:48:01.805 GMT+0200,1.1026200000000002,1.1026,0.9,3.6
19.08.2024 00:48:01.909 GMT+0200,1.10261,1.10259,0.9,4.5
19.08.2024 00:48:11.017 GMT+0200,1.1026200000000002,1.1026,0.9,0.9
19.08.2024 00:48:21.465 GMT+0200,1.10261,1.10259,0.9,4.5
19.08.2024 00:48:34.406 GMT+0200,1.1026,1.10258,0.9,0.9
19.08.2024 00:48:47.610 GMT+0200,1.10261,1.10259,0.9,4.5
19.08.2024 00:49:00.382 GMT+0200,1.10261,1.10258,4.95,0.9
19.08.2024 00:49:10.367 GMT+0200,1.1026,1.10258,0.9,4.5
19.08.2024 00:49:20.263 GMT+0200,1.1026,1.10259,0.9,3.6
19.08.2024 00:49:20.775 GMT+0200,1.10261,1.10259,0.9,4.5
19.08.2024 00:49:31.473 GMT+0200,1.10259,1.10257,0.9,0.9
19.08.2024 00:49:51.259 GMT+0200,1.10257,1.1025500000000001,0.9,1.35
19.08.2024 00:50:02.553 GMT+0200,1.10258,1.10256,0.9,0.9
19.08.2024 00:50:04.983 GMT+0200,1.10256,1.10253,4.5,3.17
19.08.2024 00:50:06.714 GMT+0200,1.1025500000000001,1.1025200000000002,0.9,4.5
19.08.2024 00:50:16.889 GMT+0200,1.10257,1.10254,0.9,4.5
19.08.2024 00:50:18.314 GMT+0200,1.10257,1.1025500000000001,0.9,3.6
19.08.2024 00:50:21.895 GMT+0200,1.10257,1.10254,0.9,5.4
19.08.2024 00:50:21.999 GMT+0200,1.10257,1.1025500000000001,0.9,3.6
19.08.2024 00:50:25.777 GMT+0200,1.10258,1.1025500000000001,0.9,4.5
19.08.2024 00:50:25.882 GMT+0200,1.10258,1.10256,0.9,3.6
19.08.2024 00:50:25.986 GMT+0200,1.10258,1.10257,0.9,3.6
19.08.2024 00:50:26.143 GMT+0200,1.1026,1.10258,0.9,0.9
19.08.2024 00:50:38.425 GMT+0200,1.10259,1.10256,0.9,6.3
19.08.2024 00:50:48.448 GMT+0200,1.10258,1.1025500000000001,0.9,4.5
19.08.2024 00:50:59.433 GMT+0200,1.10259,1.10256,1.35,4.5
19.08.2024 00:50:59.590 GMT+0200,1.1026,1.10257,0.9,4.5
19.08.2024 00:51:00.810 GMT+0200,1.10259,1.10256,0.9,4.5
19.08.2024 00:51:05.599 GMT+0200,1.10258,1.10256,3.6,0.9
19.08.2024 00:51:06.461 GMT+0200,1.10259,1.10256,4.95,0.9
19.08.2024 00:51:06.665 GMT+0200,1.10258,1.10256,3.6,0.9
19.08.2024 00:51:08.527 GMT+0200,1.10259,1.10256,5.85,0.9
19.08.2024 00:51:09.192 GMT+0200,1.10258,1.10256,3.6,0.9
19.08.2024 00:51:09.798 GMT+0200,1.10257,1.1025500000000001,0.9,3.6
19.08.2024 00:51:09.902 GMT+0200,1.10257,1.10254,0.9,4.5
19.08.2024 00:51:20.616 GMT+0200,1.10258,1.1025500000000001,0.9,4.5
19.08.2024 00:51:27.132 GMT+0200,1.10259,1.10256,1.35,4.5
19.08.2024 00:51:27.286 GMT+0200,1.10259,1.10257,0.9,3.6
19.08.2024 00:51:27.745 GMT+0200,1.10259,1.10256,0.9,4.5
19.08.2024 00:51:29.871 GMT+0200,1.10259,1.10257,0.9,3.6
19.08.2024 00:51:32.287 GMT+0200,1.10259,1.10256,0.9,4.5
19.08.2024 00:51:41.749 GMT+0200,1.10259,1.10257,0.9,3.6
19.08.2024 00:51:41.853 GMT+0200,1.10259,1.10256,0.9,4.5
19.08.2024 00:51:43.482 GMT+0200,1.10259,1.10257,0.9,3.6
19.08.2024 00:51:48.117 GMT+0200,1.10259,1.10256,0.9,4.5
19.08.2024 00:51:53.513 GMT+0200,1.10257,1.10254,0.9,8.55
19.08.2024 00:52:15.244 GMT+0200,1.10257,1.1025500000000001,0.9,3.6
19.08.2024 00:52:15.602 GMT+0200,1.10257,1.10254,0.9,5.4
19.08.2024 00:53:14.689 GMT+0200,1.10254,1.1025200000000002,0.9,0.9
19.08.2024 00:53:14.794 GMT+0200,1.10253,1.1025,0.9,9
19.08.2024 00:53:35.025 GMT+0200,1.1025500000000001,1.1025200000000002,1.8,4.5
19.08.2024 00:53:37.456 GMT+0200,1.10257,1.10254,4.5,4.5
19.08.2024 00:54:03.105 GMT+0200,1.10256,1.10254,0.9,3.6
19.08.2024 00:54:03.235 GMT+0200,1.10256,1.10253,0.9,4.5
19.08.2024 00:54:05.959 GMT+0200,1.1025500000000001,1.10253,1.8,3.6
19.08.2024 00:54:06.065 GMT+0200,1.1025500000000001,1.1025200000000002,0.9,4.5
19.08.2024 00:54:16.169 GMT+0200,1.10254,1.1025200000000002,0.9,0.9
19.08.2024 00:54:25.976 GMT+0200,1.1025200000000002,1.1025,4.5,1.35
19.08.2024 00:54:26.080 GMT+0200,1.1025200000000002,1.10249,4.5,0.9
19.08.2024 00:54:30.969 GMT+0200,1.1025200000000002,1.10248,6.3,4.5
19.08.2024 00:54:31.077 GMT+0200,1.1025,1.10247,3.6,0.9
19.08.2024 00:54:31.993 GMT+0200,1.1025,1.10248,3.6,0.9
19.08.2024 00:54:32.146 GMT+0200,1.10251,1.10248,1.8,0.9
19.08.2024 00:54:32.349 GMT+0200,1.1025,1.10248,3.6,0.9
19.08.2024 00:54:32.451 GMT+0200,1.10251,1.10248,5.4,0.9
19.08.2024 00:54:33.108 GMT+0200,1.1025,1.10247,3.6,0.9
19.08.2024 00:54:33.264 GMT+0200,1.10251,1.10247,5.4,4.5
19.08.2024 00:54:33.367 GMT+0200,1.1025,1.10247,3.6,0.9
19.08.2024 00:54:34.230 GMT+0200,1.10251,1.10247,10.44,4.5
19.08.2024 00:54:34.333 GMT+0200,1.1025,1.10247,3.6,0.9
19.08.2024 00:54:36.245 GMT+0200,1.10251,1.10247,5.4,4.5
19.08.2024 00:54:40.194 GMT+0200,1.1025,1.10247,4.5,0.9
19.08.2024 00:54:40.350 GMT+0200,1.10251,1.10247,4.5,4.5
19.08.2024 00:54:40.757 GMT+0200,1.1025,1.10246,4.5,4.5
19.08.2024 00:54:40.862 GMT+0200,1.1025,1.10247,4.5,0.9
19.08.2024 00:54:42.632 GMT+0200,1.10249,1.10247,3.6,0.9
19.08.2024 00:54:42.736 GMT+0200,1.1025,1.10247,3.6,0.9
19.08.2024 00:54:45.065 GMT+0200,1.10251,1.10247,4.5,4.5
19.08.2024 00:54:46.326 GMT+0200,1.1025,1.10247,4.5,0.9
19.08.2024 00:54:51.675 GMT+0200,1.10251,1.10247,5.4,4.5
19.08.2024 00:54:51.779 GMT+0200,1.1025,1.10247,3.6,0.9
19.08.2024 00:54:52.188 GMT+0200,1.10251,1.10247,4.5,4.5
19.08.2024 00:54:52.343 GMT+0200,1.1025,1.10247,3.6,0.9
19.08.2024 00:54:52.447 GMT+0200,1.10251,1.10247,4.5,4.5
19.08.2024 00:54:54.665 GMT+0200,1.1025,1.10247,3.6,0.9
19.08.2024 00:54:54.769 GMT+0200,1.10251,1.10247,4.5,4.5
19.08.2024 00:54:55.678 GMT+0200,1.1025,1.10247,3.6,0.9
19.08.2024 00:54:55.782 GMT+0200,1.10251,1.10247,4.5,4.5
19.08.2024 00:54:55.886 GMT+0200,1.1025,1.10247,3.6,0.9
19.08.2024 00:54:56.193 GMT+0200,1.10251,1.10247,5.4,4.5
19.08.2024 00:54:56.296 GMT+0200,1.1025,1.10247,3.6,0.9
19.08.2024 00:55:00.078 GMT+0200,1.10251,1.10249,5.4,0.9
19.08.2024 00:55:00.182 GMT+0200,1.1025200000000002,1.10249,2.25,4.5
19.08.2024 00:55:00.286 GMT+0200,1.10253,1.10249,4.5,4.5
19.08.2024 00:55:00.391 GMT+0200,1.1025200000000002,1.10249,3.6,0.9
19.08.2024 00:55:00.545 GMT+0200,1.10253,1.10249,4.5,4.5
19.08.2024 00:55:02.660 GMT+0200,1.1025200000000002,1.10249,3.6,0.9
19.08.2024 00:55:02.865 GMT+0200,1.10253,1.10249,4.5,4.5
19.08.2024 00:55:17.864 GMT+0200,1.10254,1.1025200000000002,1.37,4.5
19.08.2024 00:55:17.968 GMT+0200,1.1025500000000001,1.1025200000000002,8.1,0.9
19.08.2024 00:55:18.074 GMT+0200,1.10253,1.1025,3.6,0.9
19.08.2024 00:55:18.282 GMT+0200,1.1025200000000002,1.1025,3.6,0.9
19.08.2024 00:55:18.588 GMT+0200,1.10253,1.1025,3.6,0.9
19.08.2024 00:55:21.415 GMT+0200,1.1025200000000002,1.1025,3.6,0.9
19.08.2024 00:55:22.522 GMT+0200,1.10253,1.1025,4.5,0.9
19.08.2024 00:55:24.488 GMT+0200,1.1025200000000002,1.1025,3.6,0.9
19.08.2024 00:55:25.498 GMT+0200,1.10253,1.1025,3.6,0.9
19.08.2024 00:55:33.826 GMT+0200,1.1025200000000002,1.1025,3.6,0.9
19.08.2024 00:55:38.968 GMT+0200,1.10253,1.1025,4.5,0.9
19.08.2024 00:55:44.408 GMT+0200,1.1025200000000002,1.1025,3.6,0.9
19.08.2024 00:55:47.281 GMT+0200,1.10251,1.10248,3.6,0.9
19.08.2024 00:55:47.385 GMT+0200,1.1025,1.10247,3.6,0.9
19.08.2024 00:55:48.198 GMT+0200,1.10251,1.10247,8.55,0.9
19.08.2024 00:55:48.907 GMT+0200,1.1025,1.10247,3.6,0.9
19.08.2024 00:55:51.130 GMT+0200,1.10251,1.10247,6.3,4.5
19.08.2024 00:55:51.436 GMT+0200,1.1025,1.10247,3.6,0.9
19.08.2024 00:55:51.540 GMT+0200,1.10251,1.10247,6.3,0.9
19.08.2024 00:55:52.955 GMT+0200,1.10251,1.10248,3.6,0.9
19.08.2024 00:55:54.720 GMT+0200,1.10251,1.10246,7.2,4.5
19.08.2024 00:55:55.231 GMT+0200,1.10251,1.10247,5.4,3.6
19.08.2024 00:55:56.087 GMT+0200,1.1025,1.10246,3.6,4.5
19.08.2024 00:56:00.238 GMT+0200,1.10251,1.10246,7.65,4.5
19.08.2024 00:56:01.746 GMT+0200,1.1025,1.10246,3.6,4.5
19.08.2024 00:56:09.096 GMT+0200,1.10251,1.10247,5.4,3.6
19.08.2024 00:56:10.711 GMT+0200,1.10251,1.10249,3.6,0.9
19.08.2024 00:56:10.816 GMT+0200,1.1025200000000002,1.10249,3.6,0.9
19.08.2024 00:56:13.491 GMT+0200,1.10253,1.10249,6.3,4.5
19.08.2024 00:56:17.831 GMT+0200,1.1025200000000002,1.10249,3.6,0.9
19.08.2024 00:56:19.844 GMT+0200,1.10253,1.10249,6.3,4.5
19.08.2024 00:56:20.753 GMT+0200,1.1025200000000002,1.10249,0.9,4.5
19.08.2024 00:56:30.755 GMT+0200,1.10253,1.10249,6.3,4.5
19.08.2024 00:56:30.958 GMT+0200,1.1025200000000002,1.10249,4.5,0.9
19.08.2024 00:56:34.583 GMT+0200,1.10251,1.10249,3.6,0.9
19.08.2024 00:56:34.635 GMT+0200,1.1025,1.10247,0.9,4.5
19.08.2024 00:56:38.068 GMT+0200,1.10249,1.10246,0.9,4.5
19.08.2024 00:56:40.692 GMT+0200,1.10251,1.10247,7.65,0.9
19.08.2024 00:56:58.509 GMT+0200,1.1025,1.10247,1.8,0.9
19.08.2024 00:56:58.613 GMT+0200,1.10251,1.10247,6.75,0.9
19.08.2024 00:56:59.172 GMT+0200,1.1025,1.10247,3.6,0.9
19.08.2024 00:57:02.297 GMT+0200,1.1025,1.10246,4.5,4.5
19.08.2024 00:57:07.292 GMT+0200,1.10249,1.10246,3.6,0.9
19.08.2024 00:57:07.850 GMT+0200,1.1025,1.10246,5.4,4.5
19.08.2024 00:57:09.515 GMT+0200,1.10249,1.10246,3.6,0.9
19.08.2024 00:57:09.619 GMT+0200,1.1025,1.10246,6.3,4.5
19.08.2024 00:57:14.350 GMT+0200,1.10249,1.10246,3.6,0.9
19.08.2024 00:57:15.464 GMT+0200,1.1025,1.10246,3.6,4.5
19.08.2024 00:57:19.659 GMT+0200,1.1025,1.10247,3.6,0.9
19.08.2024 00:57:26.257 GMT+0200,1.10251,1.10247,4.5,4.5
19.08.2024 00:57:26.410 GMT+0200,1.1025,1.10247,3.6,0.9
19.08.2024 00:57:35.483 GMT+0200,1.10249,1.10247,3.6,0.9
19.08.2024 00:57:35.586 GMT+0200,1.1025,1.10247,6.3,0.9
19.08.2024 00:57:37.502 GMT+0200,1.10249,1.10247,3.6,0.9
19.08.2024 00:57:37.759 GMT+0200,1.1025,1.10247,5.4,0.9
19.08.2024 00:57:40.283 GMT+0200,1.1025200000000002,1.10249,5.4,0.9
19.08.2024 00:57:40.389 GMT+0200,1.10253,1.1025,4.5,0.9
19.08.2024 00:57:45.634 GMT+0200,1.1025200000000002,1.1025,3.6,0.9
19.08.2024 00:57:49.468 GMT+0200,1.10251,1.10248,3.6,0.9
19.08.2024 00:57:49.927 GMT+0200,1.10251,1.10247,8.1,4.95
19.08.2024 00:57:50.032 GMT+0200,1.1025,1.10247,3.6,0.9
19.08.2024 00:57:59.860 GMT+0200,1.10251,1.10247,5.4,4.5
19.08.2024 00:58:02.485 GMT+0200,1.1025,1.10246,3.6,4.5
19.08.2024 00:58:05.665 GMT+0200,1.10251,1.10247,4.5,3.6
19.08.2024 00:58:05.770 GMT+0200,1.1025,1.10246,3.6,4.5
19.08.2024 00:58:19.786 GMT+0200,1.10251,1.10246,5.4,4.5
19.08.2024 00:58:20.848 GMT+0200,1.1025,1.10246,3.6,3.6
19.08.2024 00:58:21.811 GMT+0200,1.1025200000000002,1.10248,7.2,0.9
19.08.2024 00:58:21.914 GMT+0200,1.1025200000000002,1.10247,0.9,5.4
19.08.2024 00:58:22.220 GMT+0200,1.10251,1.10247,3.6,5.4
19.08.2024 00:58:24.035 GMT+0200,1.1025200000000002,1.10248,0.9,3.6
19.08.2024 00:58:26.968 GMT+0200,1.10253,1.10247,5.85,4.5
19.08.2024 00:58:29.031 GMT+0200,1.1025200000000002,1.10247,3.6,4.5
19.08.2024 00:58:30.539 GMT+0200,1.1025200000000002,1.10248,3.6,3.6
19.08.2024 00:58:57.588 GMT+0200,1.10251,1.10247,3.6,3.6
19.08.2024 00:58:59.910 GMT+0200,1.1025200000000002,1.1025,0.45,3.6
19.08.2024 00:58:59.962 GMT+0200,1.10254,1.1025,4.5,4.05
19.08.2024 00:59:00.323 GMT+0200,1.1025500000000001,1.10251,3.6,5.4
19.08.2024 00:59:12.827 GMT+0200,1.10254,1.1025,3.6,4.05
19.08.2024 00:59:13.033 GMT+0200,1.1025500000000001,1.10251,3.6,3.6
19.08.2024 00:59:15.605 GMT+0200,1.10254,1.1025,3.6,4.95
19.08.2024 00:59:16.111 GMT+0200,1.1025500000000001,1.10251,3.6,3.6
19.08.2024 00:59:16.520 GMT+0200,1.10254,1.1025,3.6,4.95
19.08.2024 00:59:19.090 GMT+0200,1.1025500000000001,1.10251,4.5,3.6
19.08.2024 00:59:22.375 GMT+0200,1.10254,1.1025,3.6,4.95
19.08.2024 00:59:22.530 GMT+0200,1.1025500000000001,1.10251,3.6,3.6
19.08.2024 00:59:31.105 GMT+0200,1.10256,1.1025200000000002,4.5,3.6
19.08.2024 00:59:32.321 GMT+0200,1.1025500000000001,1.10251,3.6,3.6
19.08.2024 00:59:34.658 GMT+0200,1.10253,1.1025,3.6,0.45
19.08.2024 00:59:34.762 GMT+0200,1.10254,1.10249,5.4,3.6
19.08.2024 00:59:37.685 GMT+0200,1.10253,1.10249,3.6,3.6
19.08.2024 00:59:42.615 GMT+0200,1.10254,1.10249,4.95,3.6
19.08.2024 00:59:45.985 GMT+0200,1.10253,1.10249,3.6,3.6
19.08.2024 00:59:50.979 GMT+0200,1.10253,1.1025,0.9,3.6
19.08.2024 00:59:51.083 GMT+0200,1.10253,1.10249,3.6,4.5
19.08.2024 00:59:52.696 GMT+0200,1.10254,1.10249,5.87,4.5
19.08.2024 01:00:00.092 GMT+0200,1.10254,1.1025200000000002,0.92,0.9
19.08.2024 01:00:00.197 GMT+0200,1.1025500000000001,1.10251,4.5,4.5
19.08.2024 01:00:00.380 GMT+0200,1.10253,1.10251,0.9,3.6
19.08.2024 01:00:00.489 GMT+0200,1.1025200000000002,1.10249,4.5,3.15
19.08.2024 01:00:00.595 GMT+0200,1.1025200000000002,1.10248,5.4,6.75
19.08.2024 01:00:00.957 GMT+0200,1.1025200000000002,1.10249,0.45,4.5
19.08.2024 01:00:01.061 GMT+0200,1.10253,1.10249,4.5,4.5
19.08.2024 01:00:01.829 GMT+0200,1.10253,1.10251,3.6,0.9
19.08.2024 01:00:01.932 GMT+0200,1.10254,1.10251,0.9,4.5
19.08.2024 01:00:02.137 GMT+0200,1.10253,1.10251,3.6,0.9
19.08.2024 01:00:02.496 GMT+0200,1.10254,1.10251,4.5,0.9
19.08.2024 01:00:03.465 GMT+0200,1.10253,1.1025,0.9,4.5
19.08.2024 01:00:06.089 GMT+0200,1.1025200000000002,1.1025,3.6,0.9
19.08.2024 01:00:06.192 GMT+0200,1.10253,1.1025,4.5,0.9
19.08.2024 01:00:10.179 GMT+0200,1.10254,1.1025200000000002,0.92,0.9
19.08.2024 01:00:10.282 GMT+0200,1.1025500000000001,1.1025200000000002,4.5,0.9
19.08.2024 01:00:10.488 GMT+0200,1.10256,1.10253,4.5,0.9
19.08.2024 01:00:26.864 GMT+0200,1.10254,1.10251,0.45,5.4
19.08.2024 01:00:26.969 GMT+0200,1.1025500000000001,1.10251,4.5,4.5
19.08.2024 01:00:33.983 GMT+0200,1.10254,1.10251,3.6,0.9
19.08.2024 01:00:34.087 GMT+0200,1.1025500000000001,1.10251,4.5,4.5
19.08.2024 01:01:00.206 GMT+0200,1.1025500000000001,1.1025200000000002,0.9,3.6
19.08.2024 01:01:00.465 GMT+0200,1.10254,1.10251,0.9,4.5
19.08.2024 01:01:04.899 GMT+0200,1.10257,1.10253,12.15,5.4
19.08.2024 01:01:05.864 GMT+0200,1.10256,1.10253,3.6,0.9
19.08.2024 01:01:06.018 GMT+0200,1.10257,1.10253,5.4,4.5
19.08.2024 01:01:06.122 GMT+0200,1.10256,1.10253,3.6,0.9
19.08.2024 01:01:06.628 GMT+0200,1.10257,1.10253,6.75,5.4
19.08.2024 01:01:07.190 GMT+0200,1.10257,1.10254,0.9,3.6
19.08.2024 01:01:08.703 GMT+0200,1.10257,1.10253,4.5,4.5
19.08.2024 01:01:11.880 GMT+0200,1.10258,1.1025500000000001,1.8,4.5
19.08.2024 01:01:20.467 GMT+0200,1.10259,1.10256,6.3,0.9
19.08.2024 01:01:24.291 GMT+0200,1.10259,1.10257,1.8,0.9
19.08.2024 01:01:24.395 GMT+0200,1.1026,1.10257,0.9,4.5
19.08.2024 01:01:32.668 GMT+0200,1.10261,1.10258,5.4,0.9
19.08.2024 01:01:36.899 GMT+0200,1.1026200000000002,1.1026,7.65,0.9
19.08.2024 01:01:37.004 GMT+0200,1.10263,1.1026,7.65,4.95
19.08.2024 01:01:37.364 GMT+0200,1.10264,1.10261,1.8,4.5
19.08.2024 01:01:37.520 GMT+0200,1.10263,1.1026,5.4,0.9
19.08.2024 01:01:37.573 GMT+0200,1.1026200000000002,1.10258,3.6,6.3
19.08.2024 01:01:37.677 GMT+0200,1.10261,1.10257,4.5,5.4
19.08.2024 01:01:37.784 GMT+0200,1.10257,1.10256,2.7,0.45
19.08.2024 01:01:37.889 GMT+0200,1.1025500000000001,1.10253,3.6,0.9
19.08.2024 01:01:37.942 GMT+0200,1.1025500000000001,1.10251,3.6,5.4
19.08.2024 01:01:40.127 GMT+0200,1.10257,1.10254,7.65,5.4
19.08.2024 01:01:40.230 GMT+0200,1.10258,1.10254,4.5,4.5
19.08.2024 01:01:41.646 GMT+0200,1.10259,1.1025500000000001,6.32,4.5
19.08.2024 01:01:41.952 GMT+0200,1.10259,1.10256,4.05,0.9
19.08.2024 01:01:42.057 GMT+0200,1.1026,1.10256,5.85,4.5
19.08.2024 01:02:00.126 GMT+0200,1.10259,1.10256,4.5,0.9
19.08.2024 01:02:05.186 GMT+0200,1.1026,1.10257,4.95,0.9
19.08.2024 01:02:10.340 GMT+0200,1.1026,1.10256,4.5,4.5
19.08.2024 01:02:12.464 GMT+0200,1.10259,1.10256,3.6,0.9
19.08.2024 01:02:12.619 GMT+0200,1.1026,1.10256,7.2,4.5
19.08.2024 01:02:19.018 GMT+0200,1.10257,1.10254,7.2,2.25
19.08.2024 01:02:19.124 GMT+0200,1.10256,1.1025200000000002,5.4,18.9
19.08.2024 01:02:19.229 GMT+0200,1.1025500000000001,1.1025200000000002,0.9,8.1
19.08.2024 01:02:20.597 GMT+0200,1.1025500000000001,1.10251,4.5,5.4
19.08.2024 01:02:20.701 GMT+0200,1.1025500000000001,1.1025200000000002,0.9,3.6
19.08.2024 01:02:21.866 GMT+0200,1.10256,1.1025200000000002,5.4,4.5
19.08.2024 01:02:22.680 GMT+0200,1.10256,1.10253,0.9,3.6
19.08.2024 01:02:25.457 GMT+0200,1.10256,1.1025200000000002,4.5,4.5
19.08.2024 01:02:51.970 GMT+0200,1.10256,1.10254,3.6,1.8
19.08.2024 01:02:52.076 GMT+0200,1.10259,1.1025500000000001,6.75,4.5
19.08.2024 01:02:52.232 GMT+0200,1.10258,1.10254,5.4,9
19.08.2024 01:02:58.341 GMT+0200,1.10259,1.1025500000000001,7.2,4.5
19.08.2024 01:03:10.191 GMT+0200,1.10258,1.1025500000000001,3.6,0.9
19.08.2024 01:03:10.295 GMT+0200,1.10259,1.1025500000000001,7.2,4.5
19.08.2024 01:03:19.415 GMT+0200,1.10259,1.10256,5.4,1.8
19.08.2024 01:03:19.519 GMT+0200,1.1026,1.10256,4.5,5.4
19.08.2024 01:03:28.183 GMT+0200,1.1026,1.10257,0.9,3.6
19.08.2024 01:03:28.745 GMT+0200,1.1026,1.10256,4.5,4.5
19.08.2024 01:03:34.246 GMT+0200,1.1026,1.10257,0.9,3.6
19.08.2024 01:03:34.349 GMT+0200,1.1026,1.10256,4.5,4.5
19.08.2024 01:03:36.977 GMT+0200,1.10259,1.1025500000000001,4.5,5.4
19.08.2024 01:03:37.030 GMT+0200,1.10257,1.10254,4.5,6.75
19.08.2024 01:03:37.135 GMT+0200,1.1025500000000001,1.10253,0.9,8.1
19.08.2024 01:03:37.240 GMT+0200,1.10254,1.1025,4.5,7.2
19.08.2024 01:03:37.495 GMT+0200,1.10253,1.1025,4.5,0.9
19.08.2024 01:03:37.598 GMT+0200,1.10253,1.10249,4.5,6.3
19.08.2024 01:03:37.652 GMT+0200,1.10254,1.10251,1.35,3.6
19.08.2024 01:03:38.320 GMT+0200,1.10254,1.1025,4.5,5.85
19.08.2024 01:03:38.424 GMT+0200,1.10254,1.10251,0.9,3.6
19.08.2024 01:03:38.528 GMT+0200,1.10254,1.1025,5.4,4.5
19.08.2024 01:03:39.945 GMT+0200,1.10253,1.1025,0.9,3.6
19.08.2024 01:03:40.050 GMT+0200,1.10253,1.10249,4.5,4.5
19.08.2024 01:03:41.070 GMT+0200,1.1025200000000002,1.10249,4.5,0.9
19.08.2024 01:03:45.414 GMT+0200,1.1025200000000002,1.10248,4.95,4.5
19.08.2024 01:03:46.027 GMT+0200,1.10253,1.1025,0.9,4.05
19.08.2024 01:03:46.182 GMT+0200,1.10254,1.1025,5.4,4.95
19.08.2024 01:03:46.286 GMT+0200,1.10254,1.10251,0.9,3.6
19.08.2024 01:03:47.103 GMT+0200,1.10254,1.1025,4.5,5.85
19.08.2024 01:03:47.207 GMT+0200,1.10254,1.10251,0.9,3.6
19.08.2024 01:03:47.310 GMT+0200,1.10254,1.1025,4.5,5.85
19.08.2024 01:03:47.414 GMT+0200,1.10254,1.10251,0.9,3.6
19.08.2024 01:03:52.619 GMT+0200,1.1025500000000001,1.10251,5.4,4.5
19.08.2024 01:03:53.532 GMT+0200,1.10254,1.10251,3.6,0.9
19.08.2024 01:03:53.636 GMT+0200,1.1025500000000001,1.10251,5.4,4.5
19.08.2024 01:03:58.989 GMT+0200,1.10254,1.10251,3.6,0.9
19.08.2024 01:03:59.093 GMT+0200,1.1025500000000001,1.10251,5.4,4.5
19.08.2024 01:03:59.248 GMT+0200,1.10254,1.10251,3.6,0.9
19.08.2024 01:03:59.352 GMT+0200,1.1025500000000001,1.10251,5.4,4.5
19.08.2024 01:04:16.232 GMT+0200,1.10254,1.10251,0.9,3.6
19.08.2024 01:04:16.336 GMT+0200,1.10254,1.1025,4.5,6.3
19.08.2024 01:04:16.439 GMT+0200,1.10254,1.10251,0.9,3.6
19.08.2024 01:04:17.200 GMT+0200,1.10254,1.1025,4.5,5.4
19.08.2024 01:04:17.356 GMT+0200,1.10254,1.10251,0.9,3.6
19.08.2024 01:04:17.768 GMT+0200,1.10254,1.1025,4.5,6.3
19.08.2024 01:04:17.875 GMT+0200,1.1025,1.10248,3.6,5.4
19.08.2024 01:04:17.979 GMT+0200,1.1025,1.10246,3.6,5.4
19.08.2024 01:04:18.941 GMT+0200,1.1025200000000002,1.10249,4.95,5.4
19.08.2024 01:04:19.096 GMT+0200,1.10253,1.10249,4.5,3.6
19.08.2024 01:04:20.008 GMT+0200,1.10254,1.1025,4.95,3.6
19.08.2024 01:04:20.112 GMT+0200,1.10254,1.10251,0.9,3.6
19.08.2024 01:04:20.216 GMT+0200,1.1025500000000001,1.10251,4.5,4.5
19.08.2024 01:04:22.288 GMT+0200,1.1025500000000001,1.1025200000000002,0.9,3.6
19.08.2024 01:04:22.392 GMT+0200,1.1025500000000001,1.10251,0.9,4.5
19.08.2024 01:04:23.104 GMT+0200,1.10254,1.1025,4.5,5.85
19.08.2024 01:04:23.210 GMT+0200,1.10254,1.10251,0.9,4.5
19.08.2024 01:04:23.721 GMT+0200,1.10253,1.10251,0.9,3.6
19.08.2024 01:04:24.332 GMT+0200,1.10254,1.10251,0.9,4.5
19.08.2024 01:04:29.086 GMT+0200,1.1025500000000001,1.1025200000000002,4.5,0.9
19.08.2024 01:04:29.192 GMT+0200,1.10254,1.10251,0.9,4.5
19.08.2024 01:04:29.296 GMT+0200,1.10254,1.1025200000000002,0.9,3.6
19.08.2024 01:04:29.399 GMT+0200,1.1025500000000001,1.1025200000000002,0.9,4.5
19.08.2024 01:04:30.270 GMT+0200,1.10254,1.10251,0.9,4.5
19.08.2024 01:04:34.619 GMT+0200,1.10253,1.10251,0.9,3.6
19.08.2024 01:04:37.353 GMT+0200,1.10253,1.1025,0.9,4.95
19.08.2024 01:04:37.456 GMT+0200,1.10253,1.10251,0.9,3.6
19.08.2024 01:04:42.349 GMT+0200,1.1025500000000001,1.10251,4.5,4.5
19.08.2024 01:04:42.754 GMT+0200,1.1025500000000001,1.1025200000000002,0.9,3.6
19.08.2024 01:04:43.769 GMT+0200,1.10253,1.10251,0.9,3.6
19.08.2024 01:04:43.976 GMT+0200,1.10253,1.1025,0.9,4.95
19.08.2024 01:04:44.080 GMT+0200,1.10253,1.10251,0.9,3.6
19.08.2024 01:04:46.301 GMT+0200,1.10253,1.1025,0.9,5.85
19.08.2024 01:04:47.013 GMT+0200,1.10253,1.10251,0.9,3.6
19.08.2024 01:04:49.689 GMT+0200,1.10253,1.1025,0.9,4.95
19.08.2024 01:04:49.793 GMT+0200,1.10253,1.10251,0.9,3.6
19.08.2024 01:04:51.458 GMT+0200,1.1025200000000002,1.10249,0.9,5.4
19.08.2024 01:04:52.480 GMT+0200,1.1025200000000002,1.1025,0.9,3.6
19.08.2024 01:04:52.937 GMT+0200,1.10253,1.1025,0.9,4.95
19.08.2024 01:04:53.494 GMT+0200,1.10254,1.10251,4.5,0.9
19.08.2024 01:05:04.679 GMT+0200,1.10254,1.1025,4.5,7.2
19.08.2024 01:05:04.783 GMT+0200,1.10254,1.10251,0.9,3.6
19.08.2024 01:05:04.989 GMT+0200,1.1025500000000001,1.1025200000000002,0.9,4.5
19.08.2024 01:05:07.517 GMT+0200,1.10253,1.1025,0.9,4.95
19.08.2024 01:05:07.622 GMT+0200,1.1025200000000002,1.10249,0.9,9
19.08.2024 01:05:10.645 GMT+0200,1.1025200000000002,1.1025,0.9,3.6
19.08.2024 01:05:11.102 GMT+0200,1.10254,1.1025,4.5,4.95
19.08.2024 01:05:11.208 GMT+0200,1.10251,1.10249,0.9,0.9
19.08.2024 01:05:12.072 GMT+0200,1.10251,1.10248,0.9,4.72
19.08.2024 01:05:25.934 GMT+0200,1.10249,1.10246,0.9,4.95
19.08.2024 01:05:26.037 GMT+0200,1.10249,1.10247,0.9,3.6
19.08.2024 01:05:26.797 GMT+0200,1.10249,1.10246,0.9,3.6
19.08.2024 01:05:27.459 GMT+0200,1.10249,1.10247,0.9,3.6
19.08.2024 01:05:27.966 GMT+0200,1.10249,1.10246,0.9,4.5
19.08.2024 01:05:33.271 GMT+0200,1.1025,1.10247,4.5,0.9
19.08.2024 01:05:34.685 GMT+0200,1.10249,1.10246,0.9,3.6
19.08.2024 01:05:34.942 GMT+0200,1.1025,1.10246,4.5,4.5
19.08.2024 01:05:36.606 GMT+0200,1.1025,1.10247,0.9,3.6
19.08.2024 01:05:36.760 GMT+0200,1.1025,1.10246,4.5,4.5
19.08.2024 01:05:45.271 GMT+0200,1.1025,1.10247,0.9,3.6
19.08.2024 01:05:45.578 GMT+0200,1.1025,1.10246,4.5,4.5
19.08.2024 01:05:45.833 GMT+0200,1.1025,1.10247,0.9,3.6
19.08.2024 01:05:46.088 GMT+0200,1.1025,1.10246,4.5,4.5
19.08.2024 01:05:46.646 GMT+0200,1.10249,1.10246,0.9,3.6
19.08.2024 01:05:53.210 GMT+0200,1.1025,1.10246,4.5,4.5
19.08.2024 01:05:53.314 GMT+0200,1.1025,1.10247,0.9,3.6
