Local time,Ask,Bid,AskVolume,BidVolume
19.08.2024 00:00:00.206 GMT+0200,1.29454,1.294,0.45,0.9
19.08.2024 00:00:00.309 GMT+0200,1.29448,1.29401,0.9,0.9
19.08.2024 00:00:00.513 GMT+0200,1.29448,1.29399,0.9,0.31
19.08.2024 00:00:00.564 GMT+0200,1.2945,1.29399,0.9,0.31
19.08.2024 00:00:01.120 GMT+0200,1.29448,1.29393,0.9,0.9
19.08.2024 00:00:01.325 GMT+0200,1.29448,1.29399,0.9,0.31
19.08.2024 00:00:01.477 GMT+0200,1.2944200000000001,1.29399,0.9,0.31
19.08.2024 00:00:01.529 GMT+0200,1.2945,1.29398,0.9,0.31
19.08.2024 00:00:01.733 GMT+0200,1.2945,1.29399,0.45,0.31
19.08.2024 00:00:01.784 GMT+0200,1.29448,1.29399,0.9,0.31
19.08.2024 00:00:02.088 GMT+0200,1.29444,1.29399,0.9,0.31
19.08.2024 00:00:02.594 GMT+0200,1.29449,1.2940200000000002,0.9,0.9
19.08.2024 00:00:02.748 GMT+0200,1.29449,1.29408,0.9,0.9
19.08.2024 00:00:02.799 GMT+0200,1.29449,1.2940200000000002,0.9,0.9
19.08.2024 00:00:02.851 GMT+0200,1.2945600000000002,1.29399,0.9,0.31
19.08.2024 00:00:02.902 GMT+0200,1.2945900000000001,1.29398,0.9,0.31
19.08.2024 00:00:03.107 GMT+0200,1.2946,1.2941200000000002,0.22,0.9
19.08.2024 00:00:03.211 GMT+0200,1.2946,1.29423,0.22,0.9
19.08.2024 00:00:03.414 GMT+0200,1.2946,1.29424,0.22,0.9
19.08.2024 00:00:03.517 GMT+0200,1.29461,1.29419,0.22,0.9
19.08.2024 00:00:03.619 GMT+0200,1.29461,1.29413,0.22,0.45
19.08.2024 00:00:03.721 GMT+0200,1.2946,1.2941500000000001,0.22,0.45
19.08.2024 00:00:03.925 GMT+0200,1.2946,1.29413,0.22,0.27
19.08.2024 00:00:04.028 GMT+0200,1.2946,1.29399,0.22,0.31
19.08.2024 00:00:04.180 GMT+0200,1.29458,1.29398,0.9,1.21
19.08.2024 00:00:04.536 GMT+0200,1.2945600000000002,1.29398,0.9,0.31
19.08.2024 00:00:04.791 GMT+0200,1.2945700000000002,1.29398,0.9,0.31
19.08.2024 00:00:05.097 GMT+0200,1.29454,1.29399,0.9,0.31
19.08.2024 00:00:05.502 GMT+0200,1.2945600000000002,1.29398,0.9,0.31
19.08.2024 00:00:05.656 GMT+0200,1.29455,1.29404,0.9,0.9
19.08.2024 00:00:05.758 GMT+0200,1.2946,1.29407,0.22,0.9
19.08.2024 00:00:05.861 GMT+0200,1.29461,1.29398,0.22,0.31
19.08.2024 00:00:06.066 GMT+0200,1.2946,1.29399,0.9,0.9
19.08.2024 00:00:06.320 GMT+0200,1.2945900000000001,1.29399,0.9,1.21
19.08.2024 00:00:06.576 GMT+0200,1.29461,1.29399,0.22,0.9
19.08.2024 00:00:06.881 GMT+0200,1.2946,1.2940200000000002,0.22,0.9
19.08.2024 00:00:07.137 GMT+0200,1.2946,1.29404,0.22,0.9
19.08.2024 00:00:07.311 GMT+0200,1.2945900000000001,1.29404,0.9,0.9
19.08.2024 00:00:07.413 GMT+0200,1.29461,1.29401,1.12,0.9
19.08.2024 00:00:07.668 GMT+0200,1.29458,1.29401,0.9,0.9
19.08.2024 00:00:07.873 GMT+0200,1.29449,1.29401,0.9,0.9
19.08.2024 00:00:07.976 GMT+0200,1.29449,1.29399,0.9,0.9
19.08.2024 00:00:08.128 GMT+0200,1.2944600000000002,1.294,0.9,0.9
19.08.2024 00:00:08.434 GMT+0200,1.29445,1.29399,0.9,0.9
19.08.2024 00:00:08.536 GMT+0200,1.29445,1.29398,0.9,0.31
19.08.2024 00:00:08.739 GMT+0200,1.29443,1.29399,0.9,0.31
19.08.2024 00:00:08.993 GMT+0200,1.2944600000000002,1.29399,0.9,0.31
19.08.2024 00:00:09.249 GMT+0200,1.2944,1.29399,0.9,0.31
19.08.2024 00:00:09.653 GMT+0200,1.29443,1.29398,0.9,0.31
19.08.2024 00:00:09.958 GMT+0200,1.29444,1.29398,0.9,0.31
19.08.2024 00:00:10.163 GMT+0200,1.29449,1.29403,0.9,0.9
19.08.2024 00:00:10.215 GMT+0200,1.29445,1.29398,0.9,0.31
19.08.2024 00:00:10.318 GMT+0200,1.2945,1.29403,0.9,0.9
19.08.2024 00:00:10.370 GMT+0200,1.29445,1.29398,0.9,0.31
19.08.2024 00:00:10.421 GMT+0200,1.2945,1.29403,0.9,0.9
19.08.2024 00:00:10.524 GMT+0200,1.29445,1.29399,0.9,0.31
19.08.2024 00:00:10.777 GMT+0200,1.29448,1.29398,0.9,0.31
19.08.2024 00:00:10.880 GMT+0200,1.29444,1.29399,0.9,0.31
19.08.2024 00:00:11.085 GMT+0200,1.29451,1.2940200000000002,0.9,0.9
19.08.2024 00:00:11.239 GMT+0200,1.2944700000000002,1.29401,0.9,0.9
19.08.2024 00:00:11.442 GMT+0200,1.29448,1.29398,0.9,0.31
19.08.2024 00:00:11.846 GMT+0200,1.29451,1.29398,0.9,0.31
19.08.2024 00:00:12.302 GMT+0200,1.29448,1.29398,0.9,0.31
19.08.2024 00:00:12.911 GMT+0200,1.29454,1.2940200000000002,0.9,0.9
19.08.2024 00:00:13.014 GMT+0200,1.29455,1.29398,0.9,0.31
19.08.2024 00:00:13.065 GMT+0200,1.2945700000000002,1.29399,0.9,0.31
19.08.2024 00:00:13.572 GMT+0200,1.2946,1.29399,1.12,0.31
19.08.2024 00:00:14.177 GMT+0200,1.2945900000000001,1.29399,0.9,0.31
19.08.2024 00:00:14.481 GMT+0200,1.2945900000000001,1.29398,0.9,0.31
19.08.2024 00:00:14.583 GMT+0200,1.29458,1.2940500000000001,0.9,0.9
19.08.2024 00:00:14.737 GMT+0200,1.2946,1.2940500000000001,0.22,0.9
19.08.2024 00:00:14.890 GMT+0200,1.2946,1.29401,0.22,0.9
19.08.2024 00:00:14.991 GMT+0200,1.2946,1.294,0.22,0.9
19.08.2024 00:00:15.093 GMT+0200,1.2946,1.29401,0.22,0.9
19.08.2024 00:00:15.196 GMT+0200,1.29461,1.29407,0.22,0.9
19.08.2024 00:00:15.603 GMT+0200,1.2946,1.2941,0.22,0.9
19.08.2024 00:00:15.706 GMT+0200,1.29461,1.29401,0.22,0.9
19.08.2024 00:00:15.808 GMT+0200,1.2946,1.29399,0.22,1.21
19.08.2024 00:00:15.910 GMT+0200,1.29461,1.29406,0.22,0.9
19.08.2024 00:00:16.319 GMT+0200,1.2946,1.2940500000000001,0.22,0.9
19.08.2024 00:00:16.421 GMT+0200,1.29461,1.2941200000000002,0.22,0.9
19.08.2024 00:00:16.473 GMT+0200,1.2946,1.29403,0.22,0.9
19.08.2024 00:00:16.575 GMT+0200,1.2945900000000001,1.29399,0.9,0.31
19.08.2024 00:00:16.678 GMT+0200,1.2945900000000001,1.29407,0.9,0.9
19.08.2024 00:00:16.780 GMT+0200,1.2945900000000001,1.2940200000000002,0.9,0.9
19.08.2024 00:00:16.832 GMT+0200,1.2945700000000002,1.29401,0.9,0.9
19.08.2024 00:00:16.884 GMT+0200,1.2945700000000002,1.29399,0.9,0.9
19.08.2024 00:00:17.088 GMT+0200,1.2945700000000002,1.294,0.9,0.9
19.08.2024 00:00:17.543 GMT+0200,1.29458,1.294,0.9,0.9
19.08.2024 00:00:17.902 GMT+0200,1.2946,1.294,0.22,1.8
19.08.2024 00:00:20.329 GMT+0200,1.2946,1.2940500000000001,0.22,0.9
19.08.2024 00:00:20.431 GMT+0200,1.2946,1.294,0.22,0.9
19.08.2024 00:00:21.296 GMT+0200,1.2946,1.29404,0.22,0.9
19.08.2024 00:00:21.398 GMT+0200,1.29461,1.29406,0.22,0.45
19.08.2024 00:00:21.654 GMT+0200,1.2946,1.2940500000000001,0.22,0.45
19.08.2024 00:00:21.756 GMT+0200,1.2946,1.29406,0.22,0.9
19.08.2024 00:00:21.808 GMT+0200,1.2945600000000002,1.29406,0.9,0.9
19.08.2024 00:00:21.859 GMT+0200,1.2946,1.29406,0.22,0.9
19.08.2024 00:00:22.014 GMT+0200,1.2946,1.2940500000000001,0.9,0.9
19.08.2024 00:00:22.066 GMT+0200,1.2945900000000001,1.29401,0.9,0.9
19.08.2024 00:00:22.269 GMT+0200,1.2945900000000001,1.29399,0.9,0.31
19.08.2024 00:00:22.472 GMT+0200,1.2945600000000002,1.29398,0.9,0.31
19.08.2024 00:00:23.032 GMT+0200,1.2946,1.29399,1.12,0.31
19.08.2024 00:00:23.084 GMT+0200,1.29461,1.29403,1.12,0.45
19.08.2024 00:00:23.288 GMT+0200,1.2946,1.2940500000000001,0.22,0.45
19.08.2024 00:00:24.807 GMT+0200,1.2946,1.29408,0.22,0.9
19.08.2024 00:00:25.112 GMT+0200,1.2946,1.29409,0.22,0.9
19.08.2024 00:00:25.213 GMT+0200,1.2946,1.2940500000000001,0.22,1.35
19.08.2024 00:00:26.327 GMT+0200,1.2946,1.29409,0.22,0.45
19.08.2024 00:00:26.429 GMT+0200,1.2946,1.29414,0.22,0.9
19.08.2024 00:00:26.837 GMT+0200,1.2946,1.2941,0.22,0.9
19.08.2024 00:00:30.269 GMT+0200,1.2946,1.2940500000000001,0.22,0.9
19.08.2024 00:00:30.777 GMT+0200,1.2946,1.29399,0.22,0.31
19.08.2024 00:00:30.930 GMT+0200,1.29458,1.29399,0.9,0.31
19.08.2024 00:00:31.052 GMT+0200,1.2945,1.29403,0.9,0.9
19.08.2024 00:00:31.262 GMT+0200,1.29451,1.29406,0.9,0.45
19.08.2024 00:00:31.517 GMT+0200,1.29449,1.2941,0.9,0.9
19.08.2024 00:00:31.825 GMT+0200,1.29454,1.29407,0.9,0.45
19.08.2024 00:00:31.876 GMT+0200,1.29454,1.29404,1.8,0.9
19.08.2024 00:00:32.081 GMT+0200,1.2945,1.29403,0.9,0.9
19.08.2024 00:00:33.292 GMT+0200,1.2943,1.29411,0.9,0.9
19.08.2024 00:00:33.396 GMT+0200,1.2944600000000002,1.2942,0.9,0.45
19.08.2024 00:00:33.499 GMT+0200,1.2944700000000002,1.2942,0.9,0.45
19.08.2024 00:00:33.601 GMT+0200,1.29451,1.29421,0.45,0.45
19.08.2024 00:00:33.704 GMT+0200,1.29451,1.2942200000000001,1.8,0.9
19.08.2024 00:00:33.757 GMT+0200,1.2945600000000002,1.29431,1.35,0.9
19.08.2024 00:00:33.861 GMT+0200,1.2945200000000001,1.29431,0.9,0.9
19.08.2024 00:00:33.912 GMT+0200,1.2946,1.2943200000000001,0.22,0.9
19.08.2024 00:00:34.066 GMT+0200,1.2946,1.29433,0.22,0.9
19.08.2024 00:00:34.120 GMT+0200,1.2946,1.29438,0.22,0.9
19.08.2024 00:00:34.879 GMT+0200,1.2946,1.29434,0.22,0.9
19.08.2024 00:00:35.992 GMT+0200,1.29455,1.2943200000000001,0.9,0.9
19.08.2024 00:00:37.305 GMT+0200,1.29454,1.2943200000000001,0.45,0.9
19.08.2024 00:00:37.911 GMT+0200,1.29453,1.2943200000000001,1.8,0.9
19.08.2024 00:00:38.920 GMT+0200,1.29458,1.2944200000000001,0.45,0.9
19.08.2024 00:00:38.972 GMT+0200,1.29461,1.29443,1.57,0.9
19.08.2024 00:00:39.225 GMT+0200,1.29461,1.2944200000000001,0.22,0.9
19.08.2024 00:00:42.096 GMT+0200,1.2946,1.2943700000000002,0.22,2.25
19.08.2024 00:00:42.505 GMT+0200,1.2946,1.2943500000000001,0.22,0.9
19.08.2024 00:00:42.961 GMT+0200,1.2946,1.29434,0.22,1.35
19.08.2024 00:00:47.341 GMT+0200,1.29461,1.29434,1.8,0.9
19.08.2024 00:00:55.236 GMT+0200,1.29461,1.2943500000000001,1.35,0.9
19.08.2024 00:00:55.289 GMT+0200,1.2946900000000001,1.2944200000000001,1.35,0.9
19.08.2024 00:00:55.392 GMT+0200,1.2947,1.2944200000000001,0.9,0.9
19.08.2024 00:00:55.594 GMT+0200,1.29471,1.29443,1.8,0.9
19.08.2024 00:00:57.560 GMT+0200,1.29471,1.29444,2.7,0.9
19.08.2024 00:01:00.285 GMT+0200,1.2947,1.29444,0.9,0.9
19.08.2024 00:01:00.337 GMT+0200,1.2947,1.2944200000000001,0.9,0.9
19.08.2024 00:01:01.648 GMT+0200,1.29471,1.29449,0.9,0.45
19.08.2024 00:01:01.701 GMT+0200,1.29478,1.29451,2.25,0.45
19.08.2024 00:01:02.055 GMT+0200,1.29481,1.29451,2.25,0.45
19.08.2024 00:01:02.107 GMT+0200,1.29473,1.29451,0.9,0.9
19.08.2024 00:01:02.364 GMT+0200,1.29475,1.29448,1.8,0.9
19.08.2024 00:01:03.070 GMT+0200,1.29475,1.2944700000000002,0.9,0.9
19.08.2024 00:01:05.943 GMT+0200,1.29481,1.2944700000000002,0.9,2.7
19.08.2024 00:01:06.953 GMT+0200,1.29481,1.29449,0.9,0.9
19.08.2024 00:01:07.560 GMT+0200,1.29481,1.2946,1.8,0.9
19.08.2024 00:01:08.467 GMT+0200,1.2947700000000002,1.2945900000000001,0.9,0.9
19.08.2024 00:01:12.093 GMT+0200,1.2947600000000001,1.2945900000000001,0.9,0.9
19.08.2024 00:01:12.398 GMT+0200,1.2947,1.2945900000000001,0.9,0.9
19.08.2024 00:01:12.854 GMT+0200,1.29472,1.29458,0.9,0.9
19.08.2024 00:01:16.024 GMT+0200,1.29478,1.2946600000000001,0.9,0.9
19.08.2024 00:01:16.130 GMT+0200,1.2948000000000002,1.29468,0.9,0.9
19.08.2024 00:01:16.233 GMT+0200,1.29489,1.29468,0.9,0.9
19.08.2024 00:01:16.587 GMT+0200,1.29488,1.29468,0.9,0.9
19.08.2024 00:01:16.689 GMT+0200,1.2948700000000002,1.2946900000000001,0.9,0.9
19.08.2024 00:01:16.894 GMT+0200,1.2948600000000001,1.29471,0.9,0.9
19.08.2024 00:01:16.996 GMT+0200,1.2948700000000002,1.29471,0.9,0.9
19.08.2024 00:01:19.363 GMT+0200,1.29492,1.29473,0.9,0.9
19.08.2024 00:01:19.415 GMT+0200,1.29485,1.2946700000000002,1.35,0.9
19.08.2024 00:01:19.819 GMT+0200,1.29484,1.2946700000000002,0.9,0.9
19.08.2024 00:01:23.993 GMT+0200,1.29484,1.29471,0.9,0.9
19.08.2024 00:01:24.470 GMT+0200,1.2948700000000002,1.29471,0.9,0.9
19.08.2024 00:01:24.723 GMT+0200,1.29488,1.29471,0.9,0.9
19.08.2024 00:01:24.776 GMT+0200,1.29493,1.29475,0.9,0.9
19.08.2024 00:01:25.032 GMT+0200,1.29495,1.2947600000000001,1.35,0.9
19.08.2024 00:01:25.136 GMT+0200,1.29501,1.29483,0.9,0.9
19.08.2024 00:01:25.340 GMT+0200,1.29501,1.2948600000000001,0.9,0.9
19.08.2024 00:01:25.443 GMT+0200,1.29501,1.2948700000000002,1.8,0.9
19.08.2024 00:01:26.602 GMT+0200,1.29502,1.2948700000000002,1.8,0.9
19.08.2024 00:01:27.410 GMT+0200,1.29502,1.2948600000000001,0.9,0.9
19.08.2024 00:01:27.463 GMT+0200,1.29503,1.2948700000000002,0.9,0.9
19.08.2024 00:01:29.076 GMT+0200,1.29503,1.29494,0.9,0.9
19.08.2024 00:01:29.383 GMT+0200,1.29503,1.29495,0.9,0.9
19.08.2024 00:01:30.088 GMT+0200,1.29501,1.29489,0.9,0.9
19.08.2024 00:01:39.240 GMT+0200,1.2950000000000002,1.29489,0.9,0.9
19.08.2024 00:01:39.291 GMT+0200,1.29495,1.29489,0.9,0.9
19.08.2024 00:01:39.545 GMT+0200,1.29498,1.29488,0.9,0.9
19.08.2024 00:01:40.203 GMT+0200,1.29498,1.2948700000000002,0.9,0.9
19.08.2024 00:01:42.269 GMT+0200,1.29498,1.29485,0.9,0.9
19.08.2024 00:01:46.395 GMT+0200,1.2950000000000002,1.29492,1.8,0.9
19.08.2024 00:01:46.499 GMT+0200,1.29501,1.2949000000000002,0.9,0.9
19.08.2024 00:01:46.602 GMT+0200,1.2950000000000002,1.29493,0.9,0.9
19.08.2024 00:01:47.361 GMT+0200,1.2950000000000002,1.29488,0.9,0.9
19.08.2024 00:01:48.071 GMT+0200,1.29501,1.29488,1.8,0.9
19.08.2024 00:01:49.183 GMT+0200,1.29501,1.2948700000000002,0.9,0.9
19.08.2024 00:01:49.888 GMT+0200,1.29494,1.29488,0.9,0.9
19.08.2024 00:01:51.521 GMT+0200,1.29494,1.2948600000000001,0.9,0.9
19.08.2024 00:01:51.774 GMT+0200,1.29495,1.2948600000000001,0.9,0.9
19.08.2024 00:01:52.480 GMT+0200,1.2949700000000002,1.2948600000000001,0.9,0.9
19.08.2024 00:01:55.952 GMT+0200,1.29501,1.2948600000000001,1.8,0.9
19.08.2024 00:01:56.409 GMT+0200,1.29501,1.2949000000000002,0.9,0.9
19.08.2024 00:01:56.513 GMT+0200,1.29505,1.2949000000000002,0.9,0.9
19.08.2024 00:01:56.566 GMT+0200,1.29506,1.29491,0.9,0.9
19.08.2024 00:01:56.871 GMT+0200,1.29504,1.29495,0.9,0.9
19.08.2024 00:01:58.940 GMT+0200,1.29504,1.29494,0.9,0.9
19.08.2024 00:02:03.467 GMT+0200,1.29503,1.29488,0.9,0.9
19.08.2024 00:02:06.138 GMT+0200,1.29504,1.29488,2.7,0.9
19.08.2024 00:02:07.748 GMT+0200,1.29503,1.29488,2.7,0.9
19.08.2024 00:02:11.215 GMT+0200,1.2950000000000002,1.29488,2.7,0.9
19.08.2024 00:02:11.267 GMT+0200,1.29504,1.2948700000000002,0.9,0.9
19.08.2024 00:02:12.072 GMT+0200,1.29506,1.29488,3.6,0.9
19.08.2024 00:02:17.197 GMT+0200,1.29504,1.2948700000000002,1.8,0.9
19.08.2024 00:02:27.708 GMT+0200,1.29506,1.2948700000000002,2.7,0.9
19.08.2024 00:02:28.864 GMT+0200,1.29505,1.29489,2.7,0.9
19.08.2024 00:02:30.424 GMT+0200,1.2950700000000002,1.29488,3.6,0.9
19.08.2024 00:02:38.817 GMT+0200,1.29502,1.29489,2.7,0.9
19.08.2024 00:02:39.072 GMT+0200,1.2950700000000002,1.29488,3.6,0.9
19.08.2024 00:02:40.230 GMT+0200,1.29503,1.29488,2.7,0.9
19.08.2024 00:02:57.056 GMT+0200,1.29501,1.29488,2.7,0.9
19.08.2024 00:03:06.402 GMT+0200,1.29502,1.29494,0.9,0.9
19.08.2024 00:03:06.454 GMT+0200,1.29504,1.29494,2.7,0.9
19.08.2024 00:03:07.063 GMT+0200,1.29503,1.2949000000000002,0.45,0.9
19.08.2024 00:03:07.167 GMT+0200,1.29501,1.2949000000000002,2.25,0.9
19.08.2024 00:03:07.320 GMT+0200,1.29501,1.29489,4.05,0.9
19.08.2024 00:03:07.424 GMT+0200,1.29501,1.29488,4.05,0.9
19.08.2024 00:03:08.132 GMT+0200,1.29494,1.29482,0.9,0.9
19.08.2024 00:03:08.184 GMT+0200,1.29492,1.29479,0.45,0.9
19.08.2024 00:03:14.984 GMT+0200,1.29482,1.29471,0.9,0.9
19.08.2024 00:03:26.601 GMT+0200,1.29482,1.29474,2.7,0.9
19.08.2024 00:03:26.653 GMT+0200,1.2948700000000002,1.29472,0.45,0.9
19.08.2024 00:03:26.705 GMT+0200,1.2949000000000002,1.29472,1.8,0.9
19.08.2024 00:03:27.061 GMT+0200,1.29491,1.29472,2.7,0.9
19.08.2024 00:03:40.634 GMT+0200,1.2949000000000002,1.29472,2.7,0.9
19.08.2024 00:04:12.499 GMT+0200,1.29491,1.29471,7.65,0.9
19.08.2024 00:04:12.552 GMT+0200,1.29481,1.2947,0.45,0.9
19.08.2024 00:04:19.725 GMT+0200,1.29483,1.29472,4.5,0.9
19.08.2024 00:04:19.878 GMT+0200,1.29488,1.29471,2.7,0.9
19.08.2024 00:04:20.032 GMT+0200,1.29488,1.29472,2.7,0.9
19.08.2024 00:04:20.336 GMT+0200,1.2949000000000002,1.29472,2.7,0.9
19.08.2024 00:04:20.740 GMT+0200,1.2949000000000002,1.29471,2.7,0.9
19.08.2024 00:04:24.061 GMT+0200,1.29489,1.2947600000000001,2.7,0.9
19.08.2024 00:04:24.166 GMT+0200,1.29491,1.29475,2.7,0.9
19.08.2024 00:04:25.030 GMT+0200,1.29491,1.2947700000000002,2.7,0.9
19.08.2024 00:04:25.134 GMT+0200,1.29491,1.29479,2.7,0.9
19.08.2024 00:04:30.573 GMT+0200,1.29492,1.29479,1.8,0.9
19.08.2024 00:04:30.878 GMT+0200,1.29494,1.29479,2.7,0.9
19.08.2024 00:04:31.534 GMT+0200,1.29492,1.29479,2.7,0.9
19.08.2024 00:04:34.199 GMT+0200,1.29492,1.29481,2.7,0.9
19.08.2024 00:04:34.303 GMT+0200,1.29492,1.2948000000000002,2.7,0.9
19.08.2024 00:04:36.321 GMT+0200,1.29492,1.29479,2.7,0.9
19.08.2024 00:04:36.829 GMT+0200,1.29495,1.29478,2.7,0.9
19.08.2024 00:04:38.438 GMT+0200,1.29495,1.29479,2.7,0.9
19.08.2024 00:04:41.403 GMT+0200,1.29493,1.29479,2.7,0.9
19.08.2024 00:04:41.909 GMT+0200,1.29494,1.29479,3.15,0.9
19.08.2024 00:04:48.853 GMT+0200,1.29493,1.29481,7.65,0.9
19.08.2024 00:04:48.905 GMT+0200,1.29493,1.29479,7.65,0.9
19.08.2024 00:04:54.089 GMT+0200,1.29493,1.2948600000000001,0.9,0.9
19.08.2024 00:04:54.596 GMT+0200,1.29494,1.2948600000000001,0.9,0.9
19.08.2024 00:04:55.858 GMT+0200,1.29496,1.29491,2.7,0.9
19.08.2024 00:04:55.911 GMT+0200,1.29499,1.2949000000000002,0.9,0.9
19.08.2024 00:04:59.363 GMT+0200,1.29498,1.2949000000000002,2.7,0.9
19.08.2024 00:05:13.032 GMT+0200,1.29499,1.2949000000000002,2.7,0.9
19.08.2024 00:05:13.085 GMT+0200,1.29504,1.29495,4.5,0.9
19.08.2024 00:05:13.290 GMT+0200,1.29505,1.29496,2.7,0.9
19.08.2024 00:05:13.946 GMT+0200,1.29506,1.2949700000000002,4.5,0.9
19.08.2024 00:05:45.410 GMT+0200,1.29506,1.29496,0.9,0.9
19.08.2024 00:05:49.581 GMT+0200,1.2950700000000002,1.2950000000000002,1.8,0.9
19.08.2024 00:05:49.634 GMT+0200,1.2951000000000001,1.29499,4.5,0.9
19.08.2024 00:05:49.837 GMT+0200,1.29512,1.29499,3.15,0.9
19.08.2024 00:06:00.426 GMT+0200,1.2951100000000002,1.2950700000000002,0.9,0.9
19.08.2024 00:06:00.631 GMT+0200,1.29513,1.29506,4.5,0.9
19.08.2024 00:06:00.783 GMT+0200,1.29513,1.2950700000000002,0.9,0.9
19.08.2024 00:06:06.578 GMT+0200,1.29515,1.29506,0.9,0.9
19.08.2024 00:06:20.705 GMT+0200,1.29516,1.29506,3.15,0.9
19.08.2024 00:06:27.290 GMT+0200,1.29513,1.2950700000000002,0.9,0.9
19.08.2024 00:06:28.295 GMT+0200,1.29515,1.29506,0.9,0.9
19.08.2024 00:06:31.615 GMT+0200,1.29514,1.29506,0.9,0.9
19.08.2024 00:06:32.974 GMT+0200,1.29514,1.29505,0.9,0.9
19.08.2024 00:06:33.078 GMT+0200,1.29512,1.29498,3.15,5.4
19.08.2024 00:06:33.384 GMT+0200,1.2951000000000001,1.29499,2.7,0.9
19.08.2024 00:06:44.250 GMT+0200,1.29509,1.29499,0.9,0.9
19.08.2024 00:07:17.084 GMT+0200,1.29503,1.29491,3.15,4.5
19.08.2024 00:07:17.187 GMT+0200,1.29502,1.2949000000000002,3.15,0.9
19.08.2024 00:07:17.290 GMT+0200,1.29502,1.29489,1.35,0.9
19.08.2024 00:07:30.579 GMT+0200,1.29501,1.29491,0.9,0.9
19.08.2024 00:07:33.297 GMT+0200,1.29501,1.2949000000000002,0.9,0.9
19.08.2024 00:07:51.397 GMT+0200,1.29491,1.29481,0.9,5.4
19.08.2024 00:07:51.656 GMT+0200,1.29492,1.29479,2.25,0.9
19.08.2024 00:08:00.760 GMT+0200,1.29492,1.29478,2.7,0.9
19.08.2024 00:08:00.863 GMT+0200,1.2949000000000002,1.29479,4.5,0.9
19.08.2024 00:08:01.067 GMT+0200,1.29492,1.29478,7.65,0.9
19.08.2024 00:08:28.153 GMT+0200,1.29491,1.29478,4.5,0.9
19.08.2024 00:08:32.668 GMT+0200,1.29489,1.29478,2.7,0.9
19.08.2024 00:08:33.071 GMT+0200,1.2949000000000002,1.29479,7.2,0.9
19.08.2024 00:08:33.424 GMT+0200,1.29489,1.29479,4.5,0.9
19.08.2024 00:08:43.074 GMT+0200,1.2949000000000002,1.29479,7.2,0.9
19.08.2024 00:08:46.542 GMT+0200,1.29489,1.29478,2.7,0.9
19.08.2024 00:08:46.696 GMT+0200,1.29482,1.29473,0.9,0.9
19.08.2024 00:08:46.749 GMT+0200,1.29482,1.2947,2.7,4.5
19.08.2024 00:08:46.953 GMT+0200,1.29481,1.2947,3.15,0.9
19.08.2024 00:08:47.311 GMT+0200,1.29483,1.29468,0.45,0.9
19.08.2024 00:08:47.464 GMT+0200,1.29484,1.29468,0.9,0.9
19.08.2024 00:08:51.093 GMT+0200,1.29484,1.2947,0.45,0.9
19.08.2024 00:08:51.195 GMT+0200,1.2948600000000001,1.2946900000000001,1.35,0.9
19.08.2024 00:09:00.698 GMT+0200,1.2948600000000001,1.29471,2.7,0.9
19.08.2024 00:09:03.467 GMT+0200,1.2948700000000002,1.29471,3.6,0.9
19.08.2024 00:09:06.583 GMT+0200,1.2948600000000001,1.29471,0.9,0.9
19.08.2024 00:09:13.618 GMT+0200,1.2948600000000001,1.29472,2.7,0.9
19.08.2024 00:09:13.672 GMT+0200,1.29489,1.2947700000000002,2.7,0.9
19.08.2024 00:09:15.694 GMT+0200,1.2949000000000002,1.29478,2.7,0.9
19.08.2024 00:09:24.139 GMT+0200,1.2949000000000002,1.29479,2.7,0.9
19.08.2024 00:09:55.836 GMT+0200,1.2949000000000002,1.2948000000000002,1.8,0.9
19.08.2024 00:09:55.888 GMT+0200,1.29492,1.2948000000000002,4.5,0.9
19.08.2024 00:09:56.092 GMT+0200,1.29496,1.2948000000000002,0.45,0.9
19.08.2024 00:09:56.347 GMT+0200,1.29496,1.29479,2.7,0.9
19.08.2024 00:10:00.120 GMT+0200,1.29492,1.2948000000000002,0.9,0.9
19.08.2024 00:10:00.274 GMT+0200,1.29494,1.29479,0.9,0.9
19.08.2024 00:10:00.480 GMT+0200,1.2949700000000002,1.29479,2.7,0.9
19.08.2024 00:10:00.884 GMT+0200,1.29499,1.29479,3.15,0.9
19.08.2024 00:10:02.965 GMT+0200,1.29498,1.29481,3.15,0.9
19.08.2024 00:10:03.426 GMT+0200,1.29498,1.29483,2.25,0.9
19.08.2024 00:10:03.581 GMT+0200,1.29499,1.29481,1.8,0.9
19.08.2024 00:10:03.685 GMT+0200,1.29499,1.29482,0.45,0.9
19.08.2024 00:10:03.788 GMT+0200,1.29499,1.29481,0.45,0.9
19.08.2024 00:10:04.605 GMT+0200,1.29499,1.29482,3.15,0.9
19.08.2024 00:10:05.917 GMT+0200,1.29499,1.29481,1.8,0.9
19.08.2024 00:10:09.748 GMT+0200,1.29499,1.29482,3.15,0.9
19.08.2024 00:10:09.851 GMT+0200,1.29499,1.29481,2.7,0.9
19.08.2024 00:10:10.609 GMT+0200,1.2950000000000002,1.29481,3.15,0.9
19.08.2024 00:10:13.832 GMT+0200,1.2949700000000002,1.29481,0.9,0.9
19.08.2024 00:10:14.689 GMT+0200,1.29498,1.29482,2.7,0.9
19.08.2024 00:10:18.620 GMT+0200,1.29496,1.29482,0.9,0.9
19.08.2024 00:10:24.009 GMT+0200,1.29498,1.29481,0.9,0.9
19.08.2024 00:10:32.225 GMT+0200,1.2949700000000002,1.29483,0.9,0.9
19.08.2024 00:10:37.817 GMT+0200,1.29498,1.29483,0.9,0.9
19.08.2024 00:10:38.380 GMT+0200,1.29498,1.29484,0.9,0.9
19.08.2024 00:10:42.406 GMT+0200,1.29499,1.29482,0.9,0.9
19.08.2024 00:10:42.912 GMT+0200,1.2949700000000002,1.29482,2.7,0.9
19.08.2024 00:10:51.930 GMT+0200,1.29498,1.29482,3.6,0.9
19.08.2024 00:11:02.086 GMT+0200,1.2949700000000002,1.2948700000000002,2.7,0.9
19.08.2024 00:11:02.491 GMT+0200,1.29498,1.29485,2.7,0.9
19.08.2024 00:11:03.398 GMT+0200,1.29498,1.2948600000000001,2.7,0.9
19.08.2024 00:11:04.110 GMT+0200,1.2949700000000002,1.2948600000000001,2.7,0.9
19.08.2024 00:11:05.121 GMT+0200,1.29501,1.29485,3.6,0.9
19.08.2024 00:11:11.407 GMT+0200,1.2949700000000002,1.2948600000000001,2.7,0.9
19.08.2024 00:11:22.067 GMT+0200,1.29501,1.29485,3.15,0.9
19.08.2024 00:11:22.824 GMT+0200,1.29498,1.2948600000000001,2.7,0.9
19.08.2024 00:11:23.029 GMT+0200,1.29498,1.2948700000000002,2.7,0.9
19.08.2024 00:11:23.182 GMT+0200,1.29498,1.29485,2.7,0.9
19.08.2024 00:11:23.285 GMT+0200,1.2949700000000002,1.2948700000000002,2.7,0.9
19.08.2024 00:11:26.205 GMT+0200,1.2950000000000002,1.2948700000000002,3.6,0.9
19.08.2024 00:11:30.226 GMT+0200,1.2950000000000002,1.2948600000000001,3.15,0.9
19.08.2024 00:11:30.480 GMT+0200,1.29501,1.29482,3.15,0.9
19.08.2024 00:11:30.986 GMT+0200,1.2949700000000002,1.29483,2.7,0.9
19.08.2024 00:11:32.097 GMT+0200,1.2950000000000002,1.29483,3.6,0.9
19.08.2024 00:11:32.603 GMT+0200,1.2949700000000002,1.29483,2.7,0.9
19.08.2024 00:11:54.732 GMT+0200,1.29498,1.29481,2.7,0.9
19.08.2024 00:11:55.141 GMT+0200,1.2949700000000002,1.29481,2.7,0.9
19.08.2024 00:12:01.349 GMT+0200,1.29499,1.29481,2.7,0.9
19.08.2024 00:12:02.560 GMT+0200,1.2949700000000002,1.29481,2.7,0.9
19.08.2024 00:12:04.429 GMT+0200,1.29496,1.29483,2.7,0.9
19.08.2024 00:12:09.314 GMT+0200,1.29496,1.29482,2.7,0.9
19.08.2024 00:12:10.827 GMT+0200,1.29498,1.29482,2.7,0.9
19.08.2024 00:12:15.055 GMT+0200,1.2949700000000002,1.29481,2.7,0.9
19.08.2024 00:12:15.158 GMT+0200,1.2949700000000002,1.29482,0.9,0.9
19.08.2024 00:12:15.866 GMT+0200,1.2949700000000002,1.29483,2.7,0.9
19.08.2024 00:12:19.642 GMT+0200,1.29498,1.29481,2.7,0.9
19.08.2024 00:12:26.613 GMT+0200,1.29498,1.29482,2.7,0.9
19.08.2024 00:12:48.753 GMT+0200,1.29501,1.29482,3.6,0.9
19.08.2024 00:12:50.616 GMT+0200,1.29498,1.29483,0.9,0.9
19.08.2024 00:12:50.718 GMT+0200,1.2949700000000002,1.29483,2.7,0.9
19.08.2024 00:13:00.035 GMT+0200,1.2950000000000002,1.29482,2.7,0.9
19.08.2024 00:13:01.092 GMT+0200,1.29498,1.29482,2.7,0.9
19.08.2024 00:13:09.383 GMT+0200,1.29498,1.29481,2.7,0.9
19.08.2024 00:13:10.090 GMT+0200,1.29498,1.29482,3.6,0.9
19.08.2024 00:13:11.102 GMT+0200,1.29498,1.29481,2.7,0.9
19.08.2024 00:13:16.281 GMT+0200,1.2950000000000002,1.29482,3.69,0.9
19.08.2024 00:13:26.629 GMT+0200,1.2949700000000002,1.29482,2.7,0.9
19.08.2024 00:13:32.060 GMT+0200,1.2950000000000002,1.29482,8.19,0.9
19.08.2024 00:13:32.112 GMT+0200,1.29498,1.29482,0.9,0.9
19.08.2024 00:13:33.071 GMT+0200,1.29498,1.29481,2.7,0.9
19.08.2024 00:13:39.370 GMT+0200,1.29491,1.2948000000000002,0.9,0.9
19.08.2024 00:13:40.288 GMT+0200,1.29491,1.29479,4.5,0.9
19.08.2024 00:13:40.392 GMT+0200,1.29488,1.29475,0.45,0.9
19.08.2024 00:13:40.445 GMT+0200,1.2948700000000002,1.29471,2.7,0.9
19.08.2024 00:13:40.701 GMT+0200,1.29489,1.29472,2.7,0.9
19.08.2024 00:13:42.268 GMT+0200,1.2949000000000002,1.29472,3.15,0.9
19.08.2024 00:13:42.573 GMT+0200,1.2949000000000002,1.29471,2.7,0.9
19.08.2024 00:13:45.340 GMT+0200,1.2949000000000002,1.29472,4.5,0.9
19.08.2024 00:13:46.958 GMT+0200,1.2949000000000002,1.29471,2.7,0.9
19.08.2024 00:13:53.728 GMT+0200,1.2949000000000002,1.2947,2.7,0.9
19.08.2024 00:13:54.285 GMT+0200,1.2949000000000002,1.29471,4.5,0.9
19.08.2024 00:13:58.063 GMT+0200,1.29489,1.2947,2.7,0.9
19.08.2024 00:14:07.168 GMT+0200,1.2948700000000002,1.29471,0.9,0.9
19.08.2024 00:14:08.076 GMT+0200,1.2948600000000001,1.29471,0.9,0.9
19.08.2024 00:14:21.550 GMT+0200,1.29488,1.29471,8.1,0.9
19.08.2024 00:14:27.694 GMT+0200,1.29488,1.2947,2.7,0.9
19.08.2024 00:14:35.535 GMT+0200,1.29488,1.29471,2.7,0.9
19.08.2024 00:14:36.645 GMT+0200,1.29488,1.29472,0.9,0.9
19.08.2024 00:15:14.752 GMT+0200,1.29488,1.29471,0.9,0.9
19.08.2024 00:15:37.252 GMT+0200,1.29489,1.29471,3.6,0.9
19.08.2024 00:15:37.304 GMT+0200,1.29488,1.2946900000000001,0.45,0.9
19.08.2024 00:15:37.407 GMT+0200,1.29488,1.2947,0.9,0.9
19.08.2024 00:15:37.510 GMT+0200,1.2949000000000002,1.2946900000000001,3.24,0.9
19.08.2024 00:15:37.613 GMT+0200,1.2948700000000002,1.2947,2.7,0.9
19.08.2024 00:15:37.818 GMT+0200,1.2948700000000002,1.2946900000000001,2.7,0.9
19.08.2024 00:15:38.877 GMT+0200,1.29481,1.29468,2.25,0.9
19.08.2024 00:15:39.084 GMT+0200,1.2947700000000002,1.29462,2.7,0.9
19.08.2024 00:15:39.189 GMT+0200,1.2948000000000002,1.29463,0.9,0.9
19.08.2024 00:15:39.241 GMT+0200,1.29482,1.2946700000000002,7.65,0.9
19.08.2024 00:15:39.549 GMT+0200,1.29482,1.29464,3.15,0.9
19.08.2024 00:15:40.158 GMT+0200,1.29481,1.2946700000000002,3.6,0.9
19.08.2024 00:15:42.377 GMT+0200,1.29481,1.29464,3.6,0.9
19.08.2024 00:16:02.242 GMT+0200,1.29482,1.29462,3.15,0.9
19.08.2024 00:16:02.295 GMT+0200,1.29478,1.29461,0.9,0.9
19.08.2024 00:16:02.553 GMT+0200,1.2948000000000002,1.29461,2.7,0.9
19.08.2024 00:16:18.320 GMT+0200,1.2948000000000002,1.29462,2.7,0.9
19.08.2024 00:16:25.692 GMT+0200,1.29479,1.29462,2.7,0.9
19.08.2024 00:16:25.744 GMT+0200,1.29475,1.29461,0.9,0.9
19.08.2024 00:16:27.052 GMT+0200,1.2947700000000002,1.29461,0.9,0.9
19.08.2024 00:16:36.006 GMT+0200,1.2947700000000002,1.2946,0.9,0.9
19.08.2024 00:16:36.309 GMT+0200,1.2947700000000002,1.29461,0.9,0.9
19.08.2024 00:16:39.325 GMT+0200,1.2947700000000002,1.2946,0.9,0.9
19.08.2024 00:16:39.680 GMT+0200,1.29478,1.2946,0.9,0.9
19.08.2024 00:16:40.083 GMT+0200,1.2947600000000001,1.29461,0.9,0.9
19.08.2024 00:16:40.285 GMT+0200,1.29478,1.2946,0.9,0.9
19.08.2024 00:16:41.297 GMT+0200,1.2947600000000001,1.29461,0.9,0.9
19.08.2024 00:16:41.399 GMT+0200,1.2947700000000002,1.29461,0.9,0.9
19.08.2024 00:16:42.817 GMT+0200,1.2948000000000002,1.29461,7.65,0.9
19.08.2024 00:16:42.868 GMT+0200,1.2947700000000002,1.29461,0.9,0.9
19.08.2024 00:16:46.602 GMT+0200,1.29481,1.2946,2.7,0.9
19.08.2024 00:16:46.907 GMT+0200,1.29478,1.2946,0.9,0.9
19.08.2024 00:16:55.840 GMT+0200,1.2948000000000002,1.29461,7.65,0.9
19.08.2024 00:16:56.094 GMT+0200,1.29479,1.2946,2.7,0.9
19.08.2024 00:16:57.253 GMT+0200,1.2948000000000002,1.29461,2.7,0.9
19.08.2024 00:17:09.256 GMT+0200,1.29481,1.2945900000000001,7.74,0.9
19.08.2024 00:17:12.324 GMT+0200,1.29479,1.2946,2.7,0.9
19.08.2024 00:17:12.979 GMT+0200,1.29481,1.2945900000000001,8.19,0.9
19.08.2024 00:17:13.987 GMT+0200,1.2948000000000002,1.2945900000000001,2.7,0.9
19.08.2024 00:17:15.245 GMT+0200,1.29481,1.2945900000000001,8.19,0.9
19.08.2024 00:17:17.306 GMT+0200,1.2948000000000002,1.2945900000000001,2.7,0.9
19.08.2024 00:17:18.165 GMT+0200,1.2948000000000002,1.2946,8.1,0.9
19.08.2024 00:17:19.372 GMT+0200,1.2948000000000002,1.2945900000000001,2.7,0.9
19.08.2024 00:17:19.677 GMT+0200,1.2948000000000002,1.2946,8.1,0.9
19.08.2024 00:17:20.081 GMT+0200,1.29479,1.2946,2.7,0.9
19.08.2024 00:17:21.138 GMT+0200,1.29481,1.2945900000000001,8.1,0.9
19.08.2024 00:17:24.905 GMT+0200,1.2948000000000002,1.2945900000000001,7.2,0.9
19.08.2024 00:17:25.158 GMT+0200,1.2948000000000002,1.2946,8.55,0.9
19.08.2024 00:17:28.125 GMT+0200,1.2948000000000002,1.2945900000000001,7.65,0.9
19.08.2024 00:17:28.657 GMT+0200,1.29479,1.2945900000000001,2.7,0.9
19.08.2024 00:17:29.063 GMT+0200,1.2947700000000002,1.2946,2.7,0.9
19.08.2024 00:17:30.475 GMT+0200,1.29478,1.2946,2.7,0.9
19.08.2024 00:17:31.080 GMT+0200,1.2947700000000002,1.2946,2.7,0.9
19.08.2024 00:17:32.799 GMT+0200,1.29479,1.2945900000000001,3.15,0.9
19.08.2024 00:17:33.458 GMT+0200,1.29478,1.2945900000000001,2.7,0.9
19.08.2024 00:17:34.061 GMT+0200,1.29478,1.2946,2.7,0.9
19.08.2024 00:17:35.068 GMT+0200,1.2948000000000002,1.2945900000000001,2.7,0.9
19.08.2024 00:17:35.576 GMT+0200,1.29479,1.2945900000000001,2.7,0.9
19.08.2024 00:17:43.229 GMT+0200,1.29471,1.2946,2.7,0.9
19.08.2024 00:17:43.435 GMT+0200,1.29471,1.2945900000000001,3.15,0.9
19.08.2024 00:17:43.488 GMT+0200,1.2946700000000002,1.2945200000000001,0.9,0.9
19.08.2024 00:17:43.848 GMT+0200,1.2946900000000001,1.2945200000000001,2.7,0.9
19.08.2024 00:17:44.104 GMT+0200,1.29462,1.29451,1.35,0.9
19.08.2024 00:17:45.271 GMT+0200,1.29462,1.2945200000000001,3.15,0.9
19.08.2024 00:17:45.325 GMT+0200,1.29468,1.29451,0.9,0.9
19.08.2024 00:17:45.428 GMT+0200,1.2946900000000001,1.29451,8.1,0.9
19.08.2024 00:18:06.096 GMT+0200,1.2946700000000002,1.29451,4.5,0.9
19.08.2024 00:18:07.661 GMT+0200,1.2947,1.2945,3.6,0.9
19.08.2024 00:18:50.734 GMT+0200,1.29468,1.29451,4.5,0.9
19.08.2024 00:18:50.837 GMT+0200,1.29468,1.2945,4.95,0.9
19.08.2024 00:18:51.243 GMT+0200,1.2946700000000002,1.2945,0.45,0.9
19.08.2024 00:18:51.345 GMT+0200,1.2946700000000002,1.29449,0.45,0.9
19.08.2024 00:18:51.448 GMT+0200,1.2946600000000001,1.29449,0.45,0.9
19.08.2024 00:18:51.551 GMT+0200,1.2946600000000001,1.2945,0.45,0.9
19.08.2024 00:18:52.462 GMT+0200,1.2946700000000002,1.2945,4.95,0.9
19.08.2024 00:18:57.040 GMT+0200,1.2946900000000001,1.29449,0.45,0.9
19.08.2024 00:19:02.097 GMT+0200,1.29468,1.29449,4.5,0.9
19.08.2024 00:19:03.255 GMT+0200,1.29468,1.2945,7.65,0.9
19.08.2024 00:19:03.358 GMT+0200,1.2946700000000002,1.2945,2.7,0.9
19.08.2024 00:19:12.604 GMT+0200,1.2946600000000001,1.2945,4.5,0.9
19.08.2024 00:19:16.626 GMT+0200,1.29468,1.2945,3.15,0.9
19.08.2024 00:19:16.729 GMT+0200,1.2946600000000001,1.2945,0.45,0.9
19.08.2024 00:19:17.135 GMT+0200,1.2946700000000002,1.2945,0.45,0.9
19.08.2024 00:19:17.237 GMT+0200,1.2946700000000002,1.29449,0.45,0.9
19.08.2024 00:19:18.558 GMT+0200,1.29468,1.29449,3.15,0.9
19.08.2024 00:19:18.661 GMT+0200,1.2946600000000001,1.2945,0.45,0.9
19.08.2024 00:19:22.290 GMT+0200,1.29468,1.29449,3.6,0.9
19.08.2024 00:19:23.803 GMT+0200,1.2946600000000001,1.2945,2.7,0.9
19.08.2024 00:19:24.860 GMT+0200,1.29468,1.29449,3.6,0.9
19.08.2024 00:19:31.147 GMT+0200,1.2946700000000002,1.29448,3.6,0.9
19.08.2024 00:19:31.199 GMT+0200,1.29464,1.29448,1.8,0.9
19.08.2024 00:19:31.302 GMT+0200,1.2946600000000001,1.29448,1.8,0.9
19.08.2024 00:19:35.635 GMT+0200,1.29464,1.29448,2.7,0.9
19.08.2024 00:19:46.068 GMT+0200,1.29468,1.2944700000000002,8.55,0.9
19.08.2024 00:19:47.227 GMT+0200,1.2946600000000001,1.29449,0.9,0.9
19.08.2024 00:20:03.428 GMT+0200,1.2946600000000001,1.29448,3.6,0.9
19.08.2024 00:20:03.532 GMT+0200,1.2946700000000002,1.29448,8.1,0.9
19.08.2024 00:20:12.939 GMT+0200,1.2946600000000001,1.29448,2.7,0.9
19.08.2024 00:20:13.545 GMT+0200,1.2946600000000001,1.29449,3.6,0.9
19.08.2024 00:20:18.974 GMT+0200,1.29465,1.29448,2.7,0.9
19.08.2024 00:20:20.487 GMT+0200,1.29465,1.29449,2.7,0.9
19.08.2024 00:20:21.957 GMT+0200,1.2946700000000002,1.29449,3.15,0.9
19.08.2024 00:20:22.514 GMT+0200,1.2946600000000001,1.29449,2.7,0.9
19.08.2024 00:20:28.754 GMT+0200,1.2946600000000001,1.29448,2.7,0.9
19.08.2024 00:20:31.982 GMT+0200,1.29463,1.29449,2.7,0.9
19.08.2024 00:20:32.638 GMT+0200,1.29462,1.29449,0.9,0.9
19.08.2024 00:20:32.740 GMT+0200,1.29463,1.29449,2.7,0.9
19.08.2024 00:20:33.898 GMT+0200,1.29463,1.29448,0.9,0.9
19.08.2024 00:20:34.001 GMT+0200,1.29463,1.29449,2.7,0.9
19.08.2024 00:20:36.219 GMT+0200,1.29463,1.29448,2.7,0.9
19.08.2024 00:20:46.234 GMT+0200,1.29463,1.29449,2.7,0.9
19.08.2024 00:20:47.895 GMT+0200,1.29463,1.29448,0.9,0.9
19.08.2024 00:20:47.999 GMT+0200,1.29464,1.29448,2.7,0.9
19.08.2024 00:20:51.025 GMT+0200,1.29464,1.29449,2.7,0.9
19.08.2024 00:21:00.810 GMT+0200,1.29462,1.2945,0.9,0.9
19.08.2024 00:21:01.012 GMT+0200,1.29463,1.29448,0.9,0.9
19.08.2024 00:21:01.168 GMT+0200,1.29464,1.29448,2.7,0.9
19.08.2024 00:21:01.271 GMT+0200,1.29462,1.29449,0.9,0.9
19.08.2024 00:21:01.781 GMT+0200,1.29463,1.29449,2.7,0.9
19.08.2024 00:21:10.752 GMT+0200,1.29462,1.29448,1.8,0.9
19.08.2024 00:21:10.804 GMT+0200,1.29463,1.29449,1.8,0.9
19.08.2024 00:21:10.907 GMT+0200,1.29463,1.2945,0.9,0.9
19.08.2024 00:21:11.013 GMT+0200,1.29465,1.29451,2.7,0.9
19.08.2024 00:21:11.268 GMT+0200,1.2946600000000001,1.29451,2.7,0.9
19.08.2024 00:21:12.077 GMT+0200,1.2946600000000001,1.29448,2.7,0.9
19.08.2024 00:21:12.381 GMT+0200,1.2946600000000001,1.29449,3.15,0.9
19.08.2024 00:21:13.543 GMT+0200,1.29465,1.29448,3.15,0.9
19.08.2024 00:21:14.153 GMT+0200,1.29465,1.29449,2.7,0.9
19.08.2024 00:21:16.317 GMT+0200,1.29464,1.29449,3.15,0.9
19.08.2024 00:21:16.469 GMT+0200,1.29463,1.29449,0.9,0.9
19.08.2024 00:21:18.338 GMT+0200,1.29461,1.29449,2.25,0.9
19.08.2024 00:21:18.748 GMT+0200,1.29462,1.29449,3.15,0.9
19.08.2024 00:21:20.063 GMT+0200,1.29461,1.29449,3.15,0.9
19.08.2024 00:21:28.648 GMT+0200,1.29461,1.2944700000000002,3.6,0.9
19.08.2024 00:21:30.660 GMT+0200,1.29461,1.29448,3.6,0.9
19.08.2024 00:21:33.626 GMT+0200,1.29461,1.2944700000000002,3.6,0.9
19.08.2024 00:21:33.731 GMT+0200,1.2946,1.2944600000000002,2.7,0.9
19.08.2024 00:21:33.834 GMT+0200,1.2945900000000001,1.29445,0.9,0.9
19.08.2024 00:21:35.350 GMT+0200,1.2945700000000002,1.29444,0.9,3.6
19.08.2024 00:21:35.654 GMT+0200,1.2946,1.29444,0.9,0.9
19.08.2024 00:21:39.980 GMT+0200,1.2946,1.29444,3.6,3.6
19.08.2024 00:21:40.085 GMT+0200,1.2945900000000001,1.29445,0.9,0.9
19.08.2024 00:21:40.595 GMT+0200,1.29461,1.29443,0.9,3.6
19.08.2024 00:21:40.699 GMT+0200,1.2946,1.29445,0.9,0.9
19.08.2024 00:21:41.360 GMT+0200,1.29458,1.29445,0.9,0.9
19.08.2024 00:21:41.513 GMT+0200,1.2946,1.2944200000000001,0.9,3.6
19.08.2024 00:21:41.617 GMT+0200,1.2945900000000001,1.29443,0.9,0.9
19.08.2024 00:21:42.330 GMT+0200,1.2945900000000001,1.29444,0.9,0.9
19.08.2024 00:21:44.945 GMT+0200,1.29461,1.29444,3.6,0.9
19.08.2024 00:21:53.758 GMT+0200,1.2945900000000001,1.29445,0.9,0.9
19.08.2024 00:21:55.571 GMT+0200,1.2946,1.29445,3.6,0.9
19.08.2024 00:21:57.032 GMT+0200,1.2946,1.29444,2.7,0.9
19.08.2024 00:21:57.989 GMT+0200,1.2945900000000001,1.29444,3.6,0.9
19.08.2024 00:22:05.926 GMT+0200,1.29454,1.2944200000000001,0.45,0.9
19.08.2024 00:22:06.031 GMT+0200,1.29449,1.29438,1.8,4.5
19.08.2024 00:22:06.085 GMT+0200,1.2945200000000001,1.2943700000000002,2.7,4.5
19.08.2024 00:22:06.189 GMT+0200,1.2945200000000001,1.2943600000000002,3.15,0.9
19.08.2024 00:22:06.598 GMT+0200,1.29449,1.2943700000000002,0.9,0.9
19.08.2024 00:22:06.753 GMT+0200,1.29451,1.2943600000000002,0.9,0.9
19.08.2024 00:22:07.058 GMT+0200,1.2945,1.2943600000000002,3.6,0.9
19.08.2024 00:22:16.578 GMT+0200,1.29441,1.29429,1.35,0.9
19.08.2024 00:22:16.734 GMT+0200,1.29441,1.29428,4.05,0.9
19.08.2024 00:22:23.049 GMT+0200,1.2944200000000001,1.2942600000000002,3.6,0.9
19.08.2024 00:22:23.253 GMT+0200,1.2944200000000001,1.29427,3.15,0.9
19.08.2024 00:22:34.140 GMT+0200,1.2944200000000001,1.2942600000000002,4.05,0.9
19.08.2024 00:22:40.155 GMT+0200,1.2944200000000001,1.29428,0.9,0.9
19.08.2024 00:22:40.261 GMT+0200,1.29441,1.29428,3.6,0.9
19.08.2024 00:22:47.978 GMT+0200,1.2944,1.29428,0.9,0.9
19.08.2024 00:22:48.181 GMT+0200,1.29441,1.29428,4.05,0.9
19.08.2024 00:22:56.237 GMT+0200,1.29441,1.2942600000000002,4.05,0.9
19.08.2024 00:22:57.605 GMT+0200,1.29441,1.29427,3.6,0.9
19.08.2024 00:22:58.768 GMT+0200,1.2944200000000001,1.2942500000000001,4.5,0.9
19.08.2024 00:23:01.343 GMT+0200,1.29441,1.29424,0.9,0.9
19.08.2024 00:23:01.649 GMT+0200,1.2944200000000001,1.2942600000000002,3.15,0.9
19.08.2024 00:23:05.174 GMT+0200,1.2944,1.29428,0.9,0.9
19.08.2024 00:23:05.279 GMT+0200,1.29439,1.29427,0.9,0.9
19.08.2024 00:23:05.636 GMT+0200,1.29438,1.2942600000000002,0.9,0.9
19.08.2024 00:23:08.365 GMT+0200,1.29445,1.2943200000000001,0.54,0.9
19.08.2024 00:23:08.419 GMT+0200,1.2944600000000002,1.29431,5.4,0.9
19.08.2024 00:23:08.522 GMT+0200,1.2944600000000002,1.2943200000000001,4.5,0.9
19.08.2024 00:23:08.626 GMT+0200,1.29448,1.2943200000000001,0.9,0.9
19.08.2024 00:23:08.779 GMT+0200,1.29448,1.29431,2.7,0.9
19.08.2024 00:23:09.839 GMT+0200,1.29449,1.29431,0.9,0.9
19.08.2024 00:23:10.554 GMT+0200,1.29448,1.29431,2.7,0.9
19.08.2024 00:23:11.059 GMT+0200,1.2944700000000002,1.29431,2.7,0.9
19.08.2024 00:23:11.163 GMT+0200,1.2944600000000002,1.29431,1.8,0.9
19.08.2024 00:23:11.268 GMT+0200,1.2944700000000002,1.29431,2.7,0.9
19.08.2024 00:23:11.725 GMT+0200,1.2944700000000002,1.2943,2.7,0.9
19.08.2024 00:23:13.241 GMT+0200,1.29448,1.2943,2.7,0.9
19.08.2024 00:23:13.852 GMT+0200,1.2944600000000002,1.29431,2.7,0.9
19.08.2024 00:23:21.553 GMT+0200,1.2944600000000002,1.29428,1.8,0.9
19.08.2024 00:23:27.655 GMT+0200,1.2944600000000002,1.2943,3.6,0.9
19.08.2024 00:23:27.963 GMT+0200,1.29444,1.2943,0.9,0.9
19.08.2024 00:23:28.526 GMT+0200,1.2944700000000002,1.29429,3.6,0.9
19.08.2024 00:23:33.213 GMT+0200,1.2944600000000002,1.29433,2.7,0.9
19.08.2024 00:23:33.318 GMT+0200,1.29449,1.29433,0.9,0.9
19.08.2024 00:23:33.625 GMT+0200,1.29449,1.2943500000000001,0.9,0.9
19.08.2024 00:23:48.926 GMT+0200,1.2945,1.2943500000000001,0.9,0.9
19.08.2024 00:23:50.795 GMT+0200,1.2945,1.2943700000000002,0.9,0.9
19.08.2024 00:23:51.002 GMT+0200,1.29451,1.2943700000000002,3.6,0.9
19.08.2024 00:23:51.106 GMT+0200,1.2945,1.2943700000000002,0.9,0.9
19.08.2024 00:23:55.996 GMT+0200,1.29448,1.2943500000000001,2.7,0.9
19.08.2024 00:23:56.555 GMT+0200,1.29448,1.2943600000000002,0.9,0.9
19.08.2024 00:23:58.976 GMT+0200,1.29451,1.2943700000000002,3.6,0.9
19.08.2024 00:24:04.017 GMT+0200,1.2945200000000001,1.29438,4.95,0.9
19.08.2024 00:24:05.689 GMT+0200,1.29451,1.29438,2.7,0.9
19.08.2024 00:24:12.304 GMT+0200,1.29451,1.29439,2.7,0.9
19.08.2024 00:24:12.357 GMT+0200,1.2945600000000002,1.29439,0.12,0.9
19.08.2024 00:24:12.461 GMT+0200,1.2945600000000002,1.2944,7.2,0.9
19.08.2024 00:24:12.767 GMT+0200,1.2945700000000002,1.29441,2.7,0.9
19.08.2024 00:24:13.376 GMT+0200,1.2945900000000001,1.2944,3.6,0.9
19.08.2024 00:24:13.729 GMT+0200,1.2945700000000002,1.29441,0.9,0.9
19.08.2024 00:24:15.645 GMT+0200,1.2945600000000002,1.2944,0.9,0.9
19.08.2024 00:24:21.679 GMT+0200,1.2945700000000002,1.29441,0.9,0.9
19.08.2024 00:24:28.979 GMT+0200,1.29455,1.29441,0.9,0.9
19.08.2024 00:24:32.922 GMT+0200,1.29449,1.2943500000000001,0.9,0.9
19.08.2024 00:24:39.105 GMT+0200,1.2944700000000002,1.29433,0.9,0.9
19.08.2024 00:24:41.690 GMT+0200,1.29445,1.29428,0.9,1.8
19.08.2024 00:24:41.794 GMT+0200,1.29444,1.29428,0.9,0.9
19.08.2024 00:24:41.899 GMT+0200,1.29444,1.29429,0.9,0.9
19.08.2024 00:24:46.047 GMT+0200,1.29444,1.2943,0.9,0.9
19.08.2024 00:24:49.327 GMT+0200,1.2944700000000002,1.2943,2.7,0.9
19.08.2024 00:24:49.431 GMT+0200,1.29448,1.2943,0.9,0.9
19.08.2024 00:24:51.308 GMT+0200,1.29445,1.2943,0.9,0.9
19.08.2024 00:24:52.681 GMT+0200,1.2944700000000002,1.2943,0.9,0.9
19.08.2024 00:24:55.722 GMT+0200,1.29445,1.2943,0.9,0.9
19.08.2024 00:24:59.115 GMT+0200,1.2944700000000002,1.29431,3.6,0.9
19.08.2024 00:24:59.270 GMT+0200,1.2944600000000002,1.29429,0.9,0.9
19.08.2024 00:25:03.584 GMT+0200,1.29441,1.2942600000000002,0.9,0.9
19.08.2024 00:25:03.638 GMT+0200,1.29438,1.29424,0.9,0.9
19.08.2024 00:25:07.840 GMT+0200,1.2943700000000002,1.29424,0.9,0.9
19.08.2024 00:25:07.892 GMT+0200,1.2943700000000002,1.2942200000000001,0.9,0.9
19.08.2024 00:25:08.711 GMT+0200,1.2943600000000002,1.29421,0.9,0.9
19.08.2024 00:25:09.982 GMT+0200,1.2943500000000001,1.2942,0.9,0.9
19.08.2024 00:25:10.288 GMT+0200,1.29427,1.29414,0.9,1.8
19.08.2024 00:25:10.392 GMT+0200,1.29429,1.29414,0.9,0.9
19.08.2024 00:25:30.430 GMT+0200,1.2943,1.29414,0.9,0.9
19.08.2024 00:25:40.425 GMT+0200,1.29429,1.2941600000000002,0.9,0.9
19.08.2024 00:25:47.527 GMT+0200,1.29434,1.29419,2.7,0.9
19.08.2024 00:25:47.631 GMT+0200,1.29434,1.2942,4.5,0.9
19.08.2024 00:25:47.735 GMT+0200,1.29434,1.29421,4.5,0.9
19.08.2024 00:25:47.786 GMT+0200,1.2943700000000002,1.2942,0.9,0.9
19.08.2024 00:25:49.865 GMT+0200,1.2943600000000002,1.2942,0.9,0.9
19.08.2024 00:26:02.747 GMT+0200,1.2943600000000002,1.29419,0.9,0.9
19.08.2024 00:26:04.877 GMT+0200,1.2943700000000002,1.2942,0.9,0.9
19.08.2024 00:26:13.982 GMT+0200,1.2943600000000002,1.2942200000000001,0.9,0.9
19.08.2024 00:26:14.086 GMT+0200,1.29433,1.2942,1.8,0.9
19.08.2024 00:26:14.138 GMT+0200,1.2943600000000002,1.2942,2.7,0.9
19.08.2024 00:26:17.225 GMT+0200,1.29438,1.2942,3.6,0.9
19.08.2024 00:26:18.652 GMT+0200,1.2943700000000002,1.2942200000000001,3.6,0.9
19.08.2024 00:26:18.705 GMT+0200,1.29439,1.29423,0.9,0.9
19.08.2024 00:26:18.810 GMT+0200,1.29439,1.2942500000000001,0.9,0.9
19.08.2024 00:26:30.435 GMT+0200,1.2944,1.2942500000000001,0.9,0.9
19.08.2024 00:26:35.586 GMT+0200,1.2944,1.2942600000000002,3.6,0.9
19.08.2024 00:26:37.469 GMT+0200,1.2944,1.2942500000000001,0.9,0.9
19.08.2024 00:26:41.014 GMT+0200,1.2944,1.29424,0.9,0.9
19.08.2024 00:26:41.118 GMT+0200,1.2943700000000002,1.29424,0.9,0.9
19.08.2024 00:26:43.292 GMT+0200,1.29439,1.29427,2.7,0.9
19.08.2024 00:26:49.250 GMT+0200,1.29439,1.2942600000000002,3.6,0.9
19.08.2024 00:27:00.249 GMT+0200,1.2944,1.2942600000000002,3.6,0.9
19.08.2024 00:27:10.426 GMT+0200,1.29439,1.2942600000000002,3.6,0.9
19.08.2024 00:27:11.841 GMT+0200,1.29438,1.29424,0.9,0.9
19.08.2024 00:27:13.361 GMT+0200,1.29438,1.2942500000000001,0.9,0.9
19.08.2024 00:27:17.000 GMT+0200,1.29444,1.29429,4.05,0.9
19.08.2024 00:27:17.157 GMT+0200,1.2944200000000001,1.2943,2.7,0.9
19.08.2024 00:27:17.209 GMT+0200,1.29444,1.2943,1.35,0.9
19.08.2024 00:27:21.250 GMT+0200,1.29444,1.29431,3.15,0.9
19.08.2024 00:27:22.264 GMT+0200,1.29445,1.29429,4.05,0.9
19.08.2024 00:27:26.499 GMT+0200,1.29444,1.29431,3.15,0.9
19.08.2024 00:27:28.264 GMT+0200,1.29444,1.2943,4.05,0.9
19.08.2024 00:27:28.467 GMT+0200,1.29445,1.2943,3.15,0.9
19.08.2024 00:27:28.772 GMT+0200,1.29443,1.2943,2.7,0.9
19.08.2024 00:27:29.038 GMT+0200,1.29445,1.2943,3.15,0.9
19.08.2024 00:27:29.446 GMT+0200,1.2944200000000001,1.29431,0.9,0.9
19.08.2024 00:27:29.952 GMT+0200,1.29444,1.29431,3.15,0.9
19.08.2024 00:27:31.164 GMT+0200,1.29443,1.2943,0.9,0.9
19.08.2024 00:27:31.470 GMT+0200,1.29445,1.29429,4.05,0.9
19.08.2024 00:27:32.078 GMT+0200,1.29444,1.29431,3.15,0.9
19.08.2024 00:27:34.350 GMT+0200,1.29443,1.2943,2.7,0.9
19.08.2024 00:27:39.245 GMT+0200,1.2944200000000001,1.29429,1.8,0.9
19.08.2024 00:27:39.349 GMT+0200,1.29443,1.29427,0.9,0.9
19.08.2024 00:27:42.787 GMT+0200,1.2944200000000001,1.29427,1.8,0.9
19.08.2024 00:27:43.802 GMT+0200,1.29441,1.29427,0.9,0.9
19.08.2024 00:27:44.007 GMT+0200,1.29439,1.2942600000000002,0.9,0.9
19.08.2024 00:27:44.773 GMT+0200,1.29439,1.2942500000000001,0.9,0.9
19.08.2024 00:27:46.239 GMT+0200,1.29439,1.2942600000000002,0.9,0.9
19.08.2024 00:27:49.063 GMT+0200,1.29441,1.29427,0.9,0.9
19.08.2024 00:27:49.115 GMT+0200,1.2944200000000001,1.29428,4.95,0.9
19.08.2024 00:27:49.219 GMT+0200,1.2944200000000001,1.29427,1.8,0.9
19.08.2024 00:27:52.010 GMT+0200,1.2944,1.2942500000000001,0.9,0.9
19.08.2024 00:27:55.460 GMT+0200,1.29439,1.2942200000000001,0.9,0.9
19.08.2024 00:27:55.715 GMT+0200,1.2944,1.29424,3.6,0.9
19.08.2024 00:27:57.830 GMT+0200,1.2944,1.2942500000000001,0.9,0.9
19.08.2024 00:28:01.379 GMT+0200,1.29438,1.29424,0.9,0.9
19.08.2024 00:28:03.404 GMT+0200,1.2943700000000002,1.29427,0.9,0.9
19.08.2024 00:28:09.405 GMT+0200,1.29438,1.29424,0.9,0.9
19.08.2024 00:28:20.272 GMT+0200,1.29438,1.2942600000000002,0.9,0.9
19.08.2024 00:28:30.401 GMT+0200,1.2943700000000002,1.2942600000000002,0.9,0.9
19.08.2024 00:28:33.495 GMT+0200,1.29441,1.29427,3.6,0.9
19.08.2024 00:28:33.805 GMT+0200,1.2944,1.2942600000000002,0.9,0.9
19.08.2024 00:28:39.905 GMT+0200,1.29438,1.29427,0.9,0.9
19.08.2024 00:28:45.395 GMT+0200,1.29438,1.29424,0.9,0.9
19.08.2024 00:28:48.372 GMT+0200,1.2944,1.2942500000000001,0.9,0.9
19.08.2024 00:28:59.360 GMT+0200,1.2943700000000002,1.2942500000000001,0.9,0.9
19.08.2024 00:29:03.399 GMT+0200,1.2944,1.29427,2.7,0.9
19.08.2024 00:29:07.029 GMT+0200,1.2944,1.2942500000000001,0.9,0.9
19.08.2024 00:29:07.359 GMT+0200,1.29438,1.2942500000000001,0.9,0.9
19.08.2024 00:29:10.999 GMT+0200,1.29433,1.29421,0.9,0.45
19.08.2024 00:29:11.153 GMT+0200,1.29434,1.29421,0.9,0.45
19.08.2024 00:29:11.256 GMT+0200,1.29433,1.2942200000000001,0.9,0.9
19.08.2024 00:29:11.713 GMT+0200,1.29434,1.29419,0.9,8.55
19.08.2024 00:29:15.345 GMT+0200,1.29433,1.29421,0.9,0.45
19.08.2024 00:29:15.652 GMT+0200,1.29433,1.2942200000000001,0.9,2.7
19.08.2024 00:29:15.957 GMT+0200,1.29431,1.2942200000000001,0.9,2.7
19.08.2024 00:29:16.011 GMT+0200,1.2943500000000001,1.29421,0.9,2.7
19.08.2024 00:29:17.029 GMT+0200,1.29433,1.2942200000000001,0.9,2.7
19.08.2024 00:29:35.687 GMT+0200,1.2943,1.2942200000000001,0.9,2.7
19.08.2024 00:29:35.792 GMT+0200,1.29427,1.29417,0.9,5.4
19.08.2024 00:29:35.948 GMT+0200,1.29431,1.2941799999999999,0.9,0.9
19.08.2024 00:29:36.001 GMT+0200,1.29434,1.29423,0.9,0.45
19.08.2024 00:29:36.105 GMT+0200,1.2943500000000001,1.29424,0.9,0.9
19.08.2024 00:29:36.209 GMT+0200,1.29439,1.29424,0.9,0.9
19.08.2024 00:29:37.025 GMT+0200,1.29438,1.29423,0.9,3.6
19.08.2024 00:29:38.905 GMT+0200,1.2943600000000002,1.29423,0.9,2.7
19.08.2024 00:29:38.958 GMT+0200,1.2943500000000001,1.2942200000000001,0.9,2.7
19.08.2024 00:29:39.113 GMT+0200,1.29434,1.2942200000000001,0.9,2.7
19.08.2024 00:29:44.566 GMT+0200,1.2943600000000002,1.29423,0.9,0.9
19.08.2024 00:29:44.619 GMT+0200,1.2943700000000002,1.29424,0.9,1.35
19.08.2024 00:29:44.723 GMT+0200,1.2943700000000002,1.2942500000000001,0.9,1.8
19.08.2024 00:29:45.129 GMT+0200,1.29438,1.29423,0.9,3.15
19.08.2024 00:29:45.687 GMT+0200,1.29438,1.29424,0.9,2.7
19.08.2024 00:29:49.477 GMT+0200,1.2943700000000002,1.29424,0.9,2.7
19.08.2024 00:29:54.537 GMT+0200,1.2944,1.29427,0.9,2.7
19.08.2024 00:29:54.639 GMT+0200,1.2944200000000001,1.2942600000000002,0.9,2.7
19.08.2024 00:29:55.046 GMT+0200,1.29441,1.2942500000000001,0.9,2.7
19.08.2024 00:29:55.551 GMT+0200,1.2944200000000001,1.29423,0.9,4.5
19.08.2024 00:29:55.755 GMT+0200,1.29441,1.29427,0.9,0.45
19.08.2024 00:29:55.807 GMT+0200,1.2944,1.2942600000000002,0.9,3.15
19.08.2024 00:29:59.397 GMT+0200,1.29441,1.2942600000000002,0.9,2.7
19.08.2024 00:30:00.054 GMT+0200,1.29439,1.29428,0.9,0.9
19.08.2024 00:30:04.098 GMT+0200,1.29441,1.29429,0.9,1.8
19.08.2024 00:30:05.832 GMT+0200,1.29443,1.2943,0.9,0.9
19.08.2024 00:30:07.551 GMT+0200,1.2944,1.29429,0.9,0.9
19.08.2024 00:30:07.655 GMT+0200,1.2944,1.29427,0.9,0.9
19.08.2024 00:30:10.442 GMT+0200,1.2944,1.29431,0.9,0.9
19.08.2024 00:30:12.315 GMT+0200,1.29439,1.29428,0.9,0.12
19.08.2024 00:30:14.185 GMT+0200,1.29438,1.29428,0.9,0.12
19.08.2024 00:30:14.741 GMT+0200,1.29438,1.29427,0.9,0.12
19.08.2024 00:30:15.301 GMT+0200,1.2943700000000002,1.29429,0.9,0.12
19.08.2024 00:30:20.590 GMT+0200,1.29438,1.29429,0.9,0.12
19.08.2024 00:30:48.321 GMT+0200,1.2944,1.29429,0.9,0.12
19.08.2024 00:30:56.514 GMT+0200,1.2944200000000001,1.29434,0.9,0.12
19.08.2024 00:31:00.155 GMT+0200,1.29443,1.2943500000000001,0.9,0.12
19.08.2024 00:31:02.285 GMT+0200,1.29443,1.29434,0.9,0.12
19.08.2024 00:31:02.388 GMT+0200,1.29445,1.29433,0.9,0.12
19.08.2024 00:31:03.247 GMT+0200,1.2944200000000001,1.2943,0.9,9.09
19.08.2024 00:31:03.352 GMT+0200,1.29441,1.2943,0.9,4.5
19.08.2024 00:31:03.507 GMT+0200,1.29441,1.29428,0.9,3.69
19.08.2024 00:31:04.823 GMT+0200,1.2944,1.29428,0.9,4.59
19.08.2024 00:31:05.385 GMT+0200,1.2944,1.29429,0.9,4.5
19.08.2024 00:31:05.945 GMT+0200,1.29443,1.29429,0.9,5.94
19.08.2024 00:31:07.462 GMT+0200,1.29444,1.2943200000000001,0.9,0.12
19.08.2024 00:31:09.034 GMT+0200,1.29444,1.29433,0.9,0.54
19.08.2024 00:31:09.188 GMT+0200,1.29444,1.29434,0.9,0.12
19.08.2024 00:31:09.394 GMT+0200,1.29444,1.29433,0.9,0.99
19.08.2024 00:31:09.803 GMT+0200,1.29444,1.29434,0.9,4.59
19.08.2024 00:31:16.221 GMT+0200,1.29444,1.2943200000000001,0.9,9.09
19.08.2024 00:31:21.214 GMT+0200,1.29439,1.2943200000000001,0.9,4.5
19.08.2024 00:31:21.267 GMT+0200,1.29441,1.29433,0.9,5.4
19.08.2024 00:31:22.141 GMT+0200,1.29443,1.29434,0.9,0.9
19.08.2024 00:31:25.675 GMT+0200,1.2944200000000001,1.29431,0.9,0.9
19.08.2024 00:31:27.343 GMT+0200,1.29444,1.2943,0.9,4.59
19.08.2024 00:31:28.155 GMT+0200,1.2944200000000001,1.2943,0.9,0.9
19.08.2024 00:31:28.310 GMT+0200,1.2944200000000001,1.29431,0.9,1.8
19.08.2024 00:31:28.517 GMT+0200,1.2944200000000001,1.2943,0.9,4.5
19.08.2024 00:31:29.782 GMT+0200,1.29441,1.2943,0.9,4.5
19.08.2024 00:31:30.089 GMT+0200,1.29441,1.29429,0.9,1.35
19.08.2024 00:31:33.719 GMT+0200,1.2943700000000002,1.29427,0.9,0.9
19.08.2024 00:31:33.928 GMT+0200,1.2943600000000002,1.2942600000000002,0.9,0.9
19.08.2024 00:31:48.878 GMT+0200,1.2943600000000002,1.29427,0.9,0.9
19.08.2024 00:31:52.861 GMT+0200,1.2943500000000001,1.29427,0.9,0.9
19.08.2024 00:32:15.384 GMT+0200,1.29434,1.29424,0.9,0.9
19.08.2024 00:32:15.486 GMT+0200,1.29434,1.2942200000000001,0.9,4.59
19.08.2024 00:32:18.770 GMT+0200,1.2943200000000001,1.29421,0.9,4.59
19.08.2024 00:32:18.874 GMT+0200,1.29433,1.29421,0.9,0.12
19.08.2024 00:32:18.977 GMT+0200,1.2943200000000001,1.29421,0.9,5.04
19.08.2024 00:32:19.131 GMT+0200,1.2943200000000001,1.2942200000000001,0.9,4.95
19.08.2024 00:32:20.091 GMT+0200,1.29433,1.29423,0.9,0.54
19.08.2024 00:32:20.194 GMT+0200,1.29434,1.29423,0.9,3.6
19.08.2024 00:32:21.107 GMT+0200,1.29434,1.2942200000000001,0.9,0.12
19.08.2024 00:32:21.513 GMT+0200,1.2943500000000001,1.29424,0.9,4.5
19.08.2024 00:32:21.769 GMT+0200,1.29434,1.29424,0.9,0.12
19.08.2024 00:32:25.039 GMT+0200,1.29434,1.29427,0.9,0.9
19.08.2024 00:32:25.143 GMT+0200,1.29433,1.2942600000000002,0.9,0.9
19.08.2024 00:32:37.246 GMT+0200,1.29434,1.2942600000000002,0.9,0.9
19.08.2024 00:32:52.096 GMT+0200,1.29434,1.29424,0.9,0.9
19.08.2024 00:33:02.700 GMT+0200,1.2943500000000001,1.2942500000000001,0.9,0.9
19.08.2024 00:33:12.638 GMT+0200,1.2943500000000001,1.29427,0.9,0.9
19.08.2024 00:33:18.494 GMT+0200,1.2944,1.2943200000000001,0.9,0.9
19.08.2024 00:33:28.190 GMT+0200,1.29439,1.29429,0.9,4.59
19.08.2024 00:33:32.171 GMT+0200,1.29439,1.29428,0.9,5.49
19.08.2024 00:33:33.382 GMT+0200,1.29439,1.29429,0.9,4.5
19.08.2024 00:33:33.989 GMT+0200,1.29439,1.29428,0.9,0.99
19.08.2024 00:33:39.872 GMT+0200,1.2944,1.29428,0.9,4.5
19.08.2024 00:33:40.127 GMT+0200,1.29439,1.29428,0.9,0.99
19.08.2024 00:33:42.425 GMT+0200,1.2944,1.2943,0.9,3.6
19.08.2024 00:33:42.529 GMT+0200,1.2944,1.29428,0.9,0.9
19.08.2024 00:33:45.561 GMT+0200,1.29443,1.2943,0.9,0.9
19.08.2024 00:33:45.614 GMT+0200,1.29441,1.29427,0.9,6.84
19.08.2024 00:33:49.924 GMT+0200,1.2944,1.29427,0.9,5.94
19.08.2024 00:33:50.027 GMT+0200,1.2944,1.29428,0.9,0.45
19.08.2024 00:33:51.186 GMT+0200,1.29441,1.29428,0.9,0.9
19.08.2024 00:33:51.491 GMT+0200,1.2944,1.29428,0.9,1.35
19.08.2024 00:33:54.818 GMT+0200,1.29441,1.29428,0.9,0.9
19.08.2024 00:33:58.204 GMT+0200,1.2944200000000001,1.2943200000000001,0.9,0.9
19.08.2024 00:34:31.529 GMT+0200,1.29444,1.29434,0.9,0.9
19.08.2024 00:34:38.089 GMT+0200,1.29443,1.29433,0.9,4.5
19.08.2024 00:34:38.799 GMT+0200,1.29444,1.29431,0.9,4.5
19.08.2024 00:34:39.204 GMT+0200,1.29444,1.2943200000000001,0.9,4.5
19.08.2024 00:34:39.459 GMT+0200,1.29444,1.29431,0.9,4.5
19.08.2024 00:34:44.253 GMT+0200,1.29443,1.29431,0.9,12.24
19.08.2024 00:34:46.469 GMT+0200,1.29443,1.2943200000000001,0.9,4.5
19.08.2024 00:34:46.828 GMT+0200,1.29443,1.29431,0.9,11.34
19.08.2024 00:34:47.289 GMT+0200,1.2944,1.2943,0.9,4.5
19.08.2024 00:34:47.647 GMT+0200,1.2944,1.29429,0.9,0.99
19.08.2024 00:34:50.828 GMT+0200,1.2944,1.29428,0.9,0.9
19.08.2024 00:34:55.331 GMT+0200,1.2944,1.29429,0.9,0.9
19.08.2024 00:34:56.098 GMT+0200,1.2944,1.2943,0.9,3.69
19.08.2024 00:34:59.533 GMT+0200,1.2944,1.29429,0.9,0.9
19.08.2024 00:35:07.096 GMT+0200,1.29441,1.29427,0.9,0.9
19.08.2024 00:35:09.867 GMT+0200,1.2944,1.29429,0.9,1.8
19.08.2024 00:35:15.065 GMT+0200,1.29439,1.29428,0.9,6.3
19.08.2024 00:35:17.548 GMT+0200,1.29433,1.29427,0.9,3.6
19.08.2024 00:35:17.601 GMT+0200,1.29434,1.29424,0.9,4.5
19.08.2024 00:35:17.809 GMT+0200,1.29433,1.29423,0.9,0.45
19.08.2024 00:35:18.773 GMT+0200,1.29433,1.29424,0.9,0.45
19.08.2024 00:35:19.682 GMT+0200,1.29433,1.29423,0.9,0.45
19.08.2024 00:35:19.785 GMT+0200,1.29433,1.29424,0.9,0.45
19.08.2024 00:35:20.895 GMT+0200,1.29433,1.29423,0.9,0.45
19.08.2024 00:35:20.997 GMT+0200,1.29433,1.29424,0.9,0.45
19.08.2024 00:35:21.556 GMT+0200,1.29433,1.2942500000000001,0.9,0.45
19.08.2024 00:35:21.660 GMT+0200,1.29433,1.29424,0.9,4.5
19.08.2024 00:35:22.016 GMT+0200,1.29433,1.29423,0.9,0.45
19.08.2024 00:35:22.119 GMT+0200,1.29433,1.29424,0.9,4.5
19.08.2024 00:35:22.724 GMT+0200,1.29433,1.29423,0.9,0.45
19.08.2024 00:35:23.885 GMT+0200,1.29434,1.29424,0.9,0.45
19.08.2024 00:35:25.204 GMT+0200,1.2943500000000001,1.2942200000000001,0.9,5.85
19.08.2024 00:35:25.659 GMT+0200,1.2943500000000001,1.29423,0.9,0.45
19.08.2024 00:35:28.084 GMT+0200,1.29434,1.29423,0.9,1.35
19.08.2024 00:35:28.237 GMT+0200,1.2943500000000001,1.29423,0.9,4.95
19.08.2024 00:35:30.098 GMT+0200,1.29434,1.29423,0.9,5.85
19.08.2024 00:35:30.352 GMT+0200,1.2943500000000001,1.29423,0.9,4.5
19.08.2024 00:35:31.667 GMT+0200,1.29434,1.29423,0.9,10.35
19.08.2024 00:35:32.675 GMT+0200,1.2943500000000001,1.29423,0.9,0.45
19.08.2024 00:35:32.781 GMT+0200,1.29439,1.29427,0.9,1.35
19.08.2024 00:35:33.041 GMT+0200,1.29439,1.29428,0.9,4.05
19.08.2024 00:35:40.503 GMT+0200,1.29439,1.29429,0.9,0.9
19.08.2024 00:35:48.185 GMT+0200,1.2944,1.29427,0.9,4.95
19.08.2024 00:35:59.011 GMT+0200,1.29439,1.29429,0.9,4.5
19.08.2024 00:36:01.685 GMT+0200,1.29433,1.29428,0.9,4.5
19.08.2024 00:36:01.891 GMT+0200,1.29434,1.29423,0.9,4.5
19.08.2024 00:36:02.196 GMT+0200,1.29434,1.2942200000000001,0.9,4.5
19.08.2024 00:36:04.013 GMT+0200,1.29433,1.29424,0.9,0.45
19.08.2024 00:36:04.117 GMT+0200,1.29433,1.29423,0.9,4.5
19.08.2024 00:36:07.396 GMT+0200,1.29434,1.29423,0.9,4.5
19.08.2024 00:36:07.603 GMT+0200,1.29434,1.2942200000000001,0.9,3.6
19.08.2024 00:36:07.707 GMT+0200,1.29434,1.29421,0.9,4.95
19.08.2024 00:36:11.233 GMT+0200,1.29433,1.29423,0.9,0.45
19.08.2024 00:36:11.436 GMT+0200,1.29433,1.2942200000000001,0.9,4.95
19.08.2024 00:36:20.149 GMT+0200,1.29433,1.29421,0.9,10.89
19.08.2024 00:36:21.006 GMT+0200,1.29433,1.2942200000000001,0.9,0.45
19.08.2024 00:36:23.876 GMT+0200,1.2943500000000001,1.2942200000000001,0.9,1.35
19.08.2024 00:36:24.081 GMT+0200,1.2943500000000001,1.29423,0.9,0.9
19.08.2024 00:36:24.235 GMT+0200,1.29434,1.29423,0.9,0.9
19.08.2024 00:36:24.338 GMT+0200,1.29433,1.29423,0.9,4.5
19.08.2024 00:36:24.692 GMT+0200,1.29434,1.29421,0.9,5.85
19.08.2024 00:36:28.371 GMT+0200,1.29434,1.2942,0.9,6.39
19.08.2024 00:36:28.574 GMT+0200,1.29434,1.29421,0.9,0.45
19.08.2024 00:36:28.827 GMT+0200,1.29433,1.29421,0.9,6.39
19.08.2024 00:36:29.180 GMT+0200,1.29433,1.2942200000000001,0.9,4.5
19.08.2024 00:36:31.794 GMT+0200,1.29433,1.29423,0.9,4.5
19.08.2024 00:36:48.560 GMT+0200,1.29433,1.2942200000000001,0.9,4.59
19.08.2024 00:36:49.816 GMT+0200,1.29433,1.29423,0.9,4.5
19.08.2024 00:36:50.119 GMT+0200,1.29433,1.2942200000000001,0.9,4.59
19.08.2024 00:36:50.623 GMT+0200,1.29433,1.29423,0.9,4.5
19.08.2024 00:36:55.970 GMT+0200,1.29434,1.29421,0.9,4.5
19.08.2024 00:36:57.285 GMT+0200,1.29434,1.2942,0.9,5.49
19.08.2024 00:37:02.923 GMT+0200,1.29433,1.2942200000000001,0.9,4.5
19.08.2024 00:37:03.337 GMT+0200,1.29431,1.2942,0.9,10.8
19.08.2024 00:37:03.441 GMT+0200,1.2943200000000001,1.2942,0.9,3.6
19.08.2024 00:37:03.543 GMT+0200,1.2943200000000001,1.29419,0.9,7.29
19.08.2024 00:37:05.157 GMT+0200,1.2943200000000001,1.2942,0.9,4.5
19.08.2024 00:37:06.324 GMT+0200,1.29431,1.2942,0.9,6.84
19.08.2024 00:37:06.783 GMT+0200,1.29431,1.29421,0.9,4.5
19.08.2024 00:37:07.035 GMT+0200,1.2943200000000001,1.29419,0.9,3.15
19.08.2024 00:37:07.593 GMT+0200,1.2943200000000001,1.2942,0.9,4.5
19.08.2024 00:37:08.956 GMT+0200,1.2943,1.2942,0.9,0.9
19.08.2024 00:37:09.214 GMT+0200,1.2943,1.29419,0.9,5.49
19.08.2024 00:37:22.148 GMT+0200,1.29427,1.29419,0.9,0.9
19.08.2024 00:37:22.202 GMT+0200,1.29429,1.2941600000000002,0.9,1.44
19.08.2024 00:37:22.306 GMT+0200,1.29429,1.29417,0.9,5.04
19.08.2024 00:37:24.643 GMT+0200,1.29428,1.29419,0.9,4.5
19.08.2024 00:37:26.809 GMT+0200,1.29429,1.2941600000000002,0.9,5.49
19.08.2024 00:37:26.913 GMT+0200,1.29429,1.29417,0.9,4.5
19.08.2024 00:37:27.169 GMT+0200,1.29428,1.29417,0.9,5.49
19.08.2024 00:37:28.076 GMT+0200,1.29428,1.2941799999999999,0.9,4.5
19.08.2024 00:37:28.381 GMT+0200,1.29428,1.29417,0.9,5.49
19.08.2024 00:37:28.935 GMT+0200,1.29428,1.2941799999999999,0.9,4.5
19.08.2024 00:37:29.038 GMT+0200,1.29428,1.29417,0.9,9.99
19.08.2024 00:37:29.241 GMT+0200,1.29428,1.2941799999999999,0.9,4.5
19.08.2024 00:37:40.522 GMT+0200,1.29428,1.29417,0.9,9.99
19.08.2024 00:37:41.830 GMT+0200,1.29428,1.2941799999999999,0.9,4.5
19.08.2024 00:37:42.237 GMT+0200,1.29428,1.29417,0.9,5.49
19.08.2024 00:37:43.307 GMT+0200,1.29428,1.2941799999999999,0.9,4.59
19.08.2024 00:37:44.823 GMT+0200,1.29429,1.2941600000000002,0.9,5.49
19.08.2024 00:38:10.240 GMT+0200,1.29428,1.2941799999999999,0.9,4.5
19.08.2024 00:38:10.495 GMT+0200,1.29428,1.29417,0.9,10.44
19.08.2024 00:38:11.101 GMT+0200,1.29428,1.2941799999999999,0.9,4.5
19.08.2024 00:38:11.354 GMT+0200,1.29428,1.29417,0.9,9.99
19.08.2024 00:38:11.757 GMT+0200,1.29428,1.2941799999999999,0.9,4.5
19.08.2024 00:38:16.343 GMT+0200,1.29428,1.29419,0.9,4.5
19.08.2024 00:38:16.698 GMT+0200,1.29428,1.2941799999999999,0.9,4.59
19.08.2024 00:38:19.889 GMT+0200,1.2943,1.29417,0.9,5.49
19.08.2024 00:38:31.484 GMT+0200,1.29431,1.29419,0.9,4.5
19.08.2024 00:38:31.589 GMT+0200,1.2943200000000001,1.29421,0.9,4.5
19.08.2024 00:38:31.845 GMT+0200,1.29431,1.29421,0.9,1.8
19.08.2024 00:38:34.068 GMT+0200,1.2943200000000001,1.29421,0.9,5.4
19.08.2024 00:38:38.717 GMT+0200,1.2943200000000001,1.2942200000000001,0.9,4.5
19.08.2024 00:38:40.236 GMT+0200,1.2943200000000001,1.29421,0.9,9.9
19.08.2024 00:38:41.149 GMT+0200,1.2943,1.29421,0.9,9
19.08.2024 00:38:41.202 GMT+0200,1.29428,1.2941799999999999,0.9,0.12
19.08.2024 00:38:41.305 GMT+0200,1.29428,1.29417,0.9,5.94
19.08.2024 00:38:50.690 GMT+0200,1.29428,1.2941799999999999,0.9,4.5
19.08.2024 00:38:51.144 GMT+0200,1.29428,1.29417,0.9,0.9
19.08.2024 00:38:53.129 GMT+0200,1.29428,1.2941799999999999,0.9,4.5
19.08.2024 00:38:56.903 GMT+0200,1.29428,1.29417,0.9,0.9
19.08.2024 00:39:01.439 GMT+0200,1.29428,1.2941799999999999,0.9,4.5
19.08.2024 00:39:01.843 GMT+0200,1.29429,1.2941600000000002,0.9,5.4
19.08.2024 00:39:08.267 GMT+0200,1.29428,1.2941799999999999,0.9,4.5
19.08.2024 00:39:08.521 GMT+0200,1.29428,1.29417,0.9,0.9
19.08.2024 00:39:27.712 GMT+0200,1.29428,1.2941799999999999,0.9,4.5
19.08.2024 00:39:27.964 GMT+0200,1.29428,1.29417,0.9,0.9
19.08.2024 00:39:55.301 GMT+0200,1.29431,1.29419,0.9,0.9
19.08.2024 00:39:55.354 GMT+0200,1.29431,1.29421,0.9,3.6
19.08.2024 00:39:55.509 GMT+0200,1.2943,1.2941799999999999,0.9,0.45
19.08.2024 00:39:55.818 GMT+0200,1.2943,1.29417,0.9,0.9
19.08.2024 00:40:00.247 GMT+0200,1.29429,1.29419,0.9,4.5
19.08.2024 00:40:00.651 GMT+0200,1.2943,1.29417,0.9,5.4
19.08.2024 00:40:00.906 GMT+0200,1.29429,1.29419,0.9,4.5
19.08.2024 00:40:01.464 GMT+0200,1.29424,1.2941600000000002,0.9,4.5
19.08.2024 00:40:01.568 GMT+0200,1.29424,1.29417,0.9,0.9
19.08.2024 00:40:01.670 GMT+0200,1.2942600000000002,1.29417,0.9,0.9
19.08.2024 00:40:03.336 GMT+0200,1.2942500000000001,1.2941500000000001,0.9,5.4
19.08.2024 00:40:15.111 GMT+0200,1.2942500000000001,1.29413,0.9,0.12
19.08.2024 00:41:00.405 GMT+0200,1.29423,1.29414,0.9,0.12
19.08.2024 00:41:09.201 GMT+0200,1.2941500000000001,1.2941,0.9,4.59
19.08.2024 00:41:09.459 GMT+0200,1.2941500000000001,1.29407,0.9,0.9
19.08.2024 00:41:09.816 GMT+0200,1.29414,1.29407,0.9,0.9
19.08.2024 00:41:09.868 GMT+0200,1.29414,1.2940500000000001,0.9,4.5
19.08.2024 00:41:10.022 GMT+0200,1.29414,1.29404,0.9,4.59
19.08.2024 00:41:10.277 GMT+0200,1.29413,1.29404,0.9,4.59
19.08.2024 00:41:10.381 GMT+0200,1.29414,1.29407,0.9,0.9
19.08.2024 00:41:14.078 GMT+0200,1.29414,1.29403,0.9,0.12
19.08.2024 00:41:18.257 GMT+0200,1.29411,1.29403,0.9,0.12
19.08.2024 00:41:18.362 GMT+0200,1.2941,1.29399,0.9,5.4
19.08.2024 00:41:18.618 GMT+0200,1.29411,1.29397,0.9,6.39
19.08.2024 00:41:21.301 GMT+0200,1.2941,1.29399,0.9,0.9
19.08.2024 00:41:21.957 GMT+0200,1.2941200000000002,1.29399,0.9,0.45
19.08.2024 00:41:22.314 GMT+0200,1.2941200000000002,1.294,0.9,4.5
19.08.2024 00:41:24.087 GMT+0200,1.2941,1.294,0.9,4.5
19.08.2024 00:41:26.698 GMT+0200,1.29411,1.29398,0.9,0.9
19.08.2024 00:41:27.755 GMT+0200,1.2941,1.294,0.9,4.5
19.08.2024 00:41:30.023 GMT+0200,1.29411,1.294,0.9,4.5
19.08.2024 00:41:33.200 GMT+0200,1.29411,1.29399,0.9,5.85
19.08.2024 00:41:35.068 GMT+0200,1.29411,1.29404,0.9,0.9
19.08.2024 00:41:35.120 GMT+0200,1.29411,1.29399,0.9,5.85
19.08.2024 00:41:35.224 GMT+0200,1.29411,1.294,0.9,4.5
19.08.2024 00:41:36.284 GMT+0200,1.29411,1.29399,0.9,5.85
19.08.2024 00:41:36.436 GMT+0200,1.2941200000000002,1.29399,0.9,0.45
19.08.2024 00:41:37.193 GMT+0200,1.2941,1.29401,0.9,0.9
19.08.2024 00:41:37.650 GMT+0200,1.2941200000000002,1.29401,0.9,0.9
19.08.2024 00:41:37.753 GMT+0200,1.2941200000000002,1.294,0.9,5.85
19.08.2024 00:41:38.111 GMT+0200,1.29413,1.294,0.9,4.5
19.08.2024 00:41:45.047 GMT+0200,1.2941200000000002,1.294,0.9,1.35
19.08.2024 00:41:45.100 GMT+0200,1.29411,1.294,0.9,0.9
19.08.2024 00:41:46.263 GMT+0200,1.29411,1.294,0.9,5.85
19.08.2024 00:41:47.677 GMT+0200,1.29411,1.29401,0.9,4.5
19.08.2024 00:41:48.886 GMT+0200,1.29411,1.294,0.9,5.85
19.08.2024 00:41:49.341 GMT+0200,1.29411,1.29401,0.9,4.5
19.08.2024 00:41:50.603 GMT+0200,1.29411,1.294,0.9,5.85
19.08.2024 00:41:51.109 GMT+0200,1.29411,1.29401,0.9,4.5
19.08.2024 00:41:51.261 GMT+0200,1.29411,1.294,0.9,5.85
19.08.2024 00:41:53.075 GMT+0200,1.2941200000000002,1.294,0.9,4.5
19.08.2024 00:41:54.534 GMT+0200,1.2941200000000002,1.29401,0.9,4.5
19.08.2024 00:42:31.604 GMT+0200,1.2941,1.29401,0.9,5.4
19.08.2024 00:42:31.710 GMT+0200,1.29403,1.29397,0.9,4.5
19.08.2024 00:42:31.914 GMT+0200,1.29403,1.29396,0.9,0.9
19.08.2024 00:42:32.067 GMT+0200,1.29404,1.29394,0.9,4.5
19.08.2024 00:42:32.674 GMT+0200,1.29403,1.29394,0.9,4.59
19.08.2024 00:42:36.158 GMT+0200,1.2940500000000001,1.29393,0.9,4.59
19.08.2024 00:42:37.927 GMT+0200,1.29404,1.2939500000000002,0.9,0.9
19.08.2024 00:42:38.332 GMT+0200,1.2940500000000001,1.29393,0.9,4.59
19.08.2024 00:42:50.411 GMT+0200,1.2940500000000001,1.29394,0.9,4.5
19.08.2024 00:42:58.804 GMT+0200,1.29403,1.2939500000000002,0.9,4.5
19.08.2024 00:43:00.111 GMT+0200,1.29406,1.2939500000000002,0.9,5.49
19.08.2024 00:43:00.164 GMT+0200,1.29409,1.29399,0.9,0.45
19.08.2024 00:43:00.268 GMT+0200,1.29411,1.29401,0.9,0.9
19.08.2024 00:43:00.626 GMT+0200,1.29411,1.29399,0.9,5.49
19.08.2024 00:43:01.489 GMT+0200,1.29411,1.29398,0.9,6.3
19.08.2024 00:43:03.256 GMT+0200,1.2941,1.29397,0.9,5.4
19.08.2024 00:43:04.772 GMT+0200,1.29409,1.29399,0.9,4.5
19.08.2024 00:43:07.946 GMT+0200,1.29409,1.29398,0.9,9.9
19.08.2024 00:43:13.580 GMT+0200,1.29411,1.29399,0.9,0.9
19.08.2024 00:43:15.200 GMT+0200,1.29409,1.29399,0.9,4.95
19.08.2024 00:43:15.303 GMT+0200,1.29409,1.29398,0.9,10.35
19.08.2024 00:43:18.278 GMT+0200,1.2941200000000002,1.29398,0.9,0.9
19.08.2024 00:43:19.445 GMT+0200,1.2941,1.29399,0.9,4.95
19.08.2024 00:43:20.660 GMT+0200,1.29411,1.29399,0.9,5.85
19.08.2024 00:43:22.653 GMT+0200,1.29409,1.29399,0.9,5.85
19.08.2024 00:43:41.219 GMT+0200,1.2941,1.29399,0.9,5.4
19.08.2024 00:43:48.233 GMT+0200,1.2941200000000002,1.29398,0.9,5.4
19.08.2024 00:43:51.758 GMT+0200,1.2941,1.29399,0.9,4.95
19.08.2024 00:43:52.420 GMT+0200,1.29411,1.29399,0.9,5.4
19.08.2024 00:43:56.343 GMT+0200,1.29413,1.2940200000000002,0.9,0.9
19.08.2024 00:44:08.143 GMT+0200,1.29411,1.2940200000000002,0.9,0.9
19.08.2024 00:44:18.252 GMT+0200,1.29409,1.2940200000000002,0.9,0.9
19.08.2024 00:44:19.108 GMT+0200,1.2941,1.294,0.9,0.9
19.08.2024 00:44:20.018 GMT+0200,1.29409,1.29399,0.9,4.5
19.08.2024 00:44:20.625 GMT+0200,1.2941,1.29397,0.9,2.25
19.08.2024 00:44:27.275 GMT+0200,1.29409,1.29399,0.9,4.5
19.08.2024 00:44:27.778 GMT+0200,1.2941,1.29397,0.9,6.75
19.08.2024 00:44:28.533 GMT+0200,1.29409,1.29399,0.9,4.5
19.08.2024 00:44:28.836 GMT+0200,1.2941,1.29397,0.9,6.75
19.08.2024 00:44:29.943 GMT+0200,1.2941,1.29398,0.9,5.4
19.08.2024 00:44:30.096 GMT+0200,1.29411,1.29398,0.9,5.4
19.08.2024 00:44:48.172 GMT+0200,1.2941,1.29398,0.9,10.35
19.08.2024 00:44:48.575 GMT+0200,1.2941,1.29399,0.9,4.5
19.08.2024 00:44:48.880 GMT+0200,1.29409,1.29399,0.9,4.5
19.08.2024 00:44:49.035 GMT+0200,1.2941,1.29397,0.9,6.3
19.08.2024 00:44:57.358 GMT+0200,1.2941,1.29398,0.9,4.5
19.08.2024 00:45:14.068 GMT+0200,1.29411,1.29399,0.9,4.5
19.08.2024 00:45:14.323 GMT+0200,1.29411,1.29398,0.9,10.35
19.08.2024 00:45:14.426 GMT+0200,1.29411,1.29399,0.9,4.5
19.08.2024 00:45:15.882 GMT+0200,1.29411,1.29398,0.9,9.9
19.08.2024 00:45:17.091 GMT+0200,1.29409,1.29398,0.9,9.9
19.08.2024 00:45:17.193 GMT+0200,1.29409,1.29399,0.9,4.5
19.08.2024 00:45:17.396 GMT+0200,1.29409,1.29398,0.9,5.4
19.08.2024 00:45:23.680 GMT+0200,1.2941,1.29398,0.9,4.5
19.08.2024 00:45:24.888 GMT+0200,1.29409,1.29398,0.9,5.4
19.08.2024 00:45:24.992 GMT+0200,1.29411,1.294,0.9,0.9
19.08.2024 00:45:25.499 GMT+0200,1.29411,1.29398,0.9,0.45
19.08.2024 00:45:29.022 GMT+0200,1.2941,1.29398,0.9,6.3
19.08.2024 00:45:32.950 GMT+0200,1.29409,1.29398,0.9,5.85
19.08.2024 00:45:33.204 GMT+0200,1.2941,1.29398,0.9,4.5
19.08.2024 00:45:38.436 GMT+0200,1.29409,1.29398,0.9,10.35
19.08.2024 00:45:41.606 GMT+0200,1.29411,1.29399,0.9,1.8
19.08.2024 00:45:48.558 GMT+0200,1.2941,1.29398,0.9,5.4
19.08.2024 00:46:00.160 GMT+0200,1.29413,1.29398,0.9,10.8
19.08.2024 00:46:00.316 GMT+0200,1.2941200000000002,1.294,0.9,4.5
19.08.2024 00:46:00.673 GMT+0200,1.29413,1.294,0.9,4.5
19.08.2024 00:46:01.029 GMT+0200,1.29413,1.29399,0.9,4.59
19.08.2024 00:46:01.688 GMT+0200,1.29413,1.294,0.9,3.69
19.08.2024 00:46:01.997 GMT+0200,1.2941200000000002,1.294,0.9,4.59
19.08.2024 00:46:02.405 GMT+0200,1.29413,1.29398,0.9,7.2
19.08.2024 00:46:03.414 GMT+0200,1.2941200000000002,1.294,0.9,4.5
19.08.2024 00:46:05.889 GMT+0200,1.2941500000000001,1.29404,0.9,0.9
19.08.2024 00:46:05.992 GMT+0200,1.2941500000000001,1.2940500000000001,0.9,4.5
19.08.2024 00:46:06.454 GMT+0200,1.2941600000000002,1.29406,0.9,0.9
19.08.2024 00:46:06.507 GMT+0200,1.29419,1.29406,0.9,0.9
19.08.2024 00:46:10.548 GMT+0200,1.29414,1.2940500000000001,0.9,0.9
19.08.2024 00:46:13.925 GMT+0200,1.29417,1.29404,0.9,1.8
19.08.2024 00:46:14.029 GMT+0200,1.2941600000000002,1.29406,0.9,0.9
19.08.2024 00:46:14.588 GMT+0200,1.2941799999999999,1.29408,0.9,0.9
19.08.2024 00:46:14.692 GMT+0200,1.2941600000000002,1.29406,0.9,0.9
19.08.2024 00:46:24.006 GMT+0200,1.2941600000000002,1.29408,0.9,0.9
19.08.2024 00:46:25.417 GMT+0200,1.2942,1.29411,0.9,0.9
19.08.2024 00:46:25.678 GMT+0200,1.2942200000000001,1.29413,0.9,0.9
19.08.2024 00:46:26.089 GMT+0200,1.2942500000000001,1.2941600000000002,0.9,0.9
19.08.2024 00:46:35.978 GMT+0200,1.2942600000000002,1.29417,0.9,0.9
19.08.2024 00:46:39.312 GMT+0200,1.2942600000000002,1.2941500000000001,0.9,0.9
19.08.2024 00:47:16.475 GMT+0200,1.2942500000000001,1.2941500000000001,0.9,0.9
19.08.2024 00:47:20.415 GMT+0200,1.2942600000000002,1.29417,0.9,0.9
19.08.2024 00:47:24.003 GMT+0200,1.2943,1.2942,0.9,0.9
19.08.2024 00:47:24.056 GMT+0200,1.29431,1.29421,0.9,0.9
19.08.2024 00:47:54.031 GMT+0200,1.2943200000000001,1.29421,0.9,0.9
19.08.2024 00:48:09.335 GMT+0200,1.29431,1.29421,0.9,0.9
19.08.2024 00:48:21.311 GMT+0200,1.2943,1.29421,0.9,0.9
19.08.2024 00:48:21.515 GMT+0200,1.29431,1.29423,0.9,0.9
19.08.2024 00:48:34.394 GMT+0200,1.2942600000000002,1.2942,0.9,3.6
19.08.2024 00:48:34.447 GMT+0200,1.2942600000000002,1.2941799999999999,0.9,0.9
19.08.2024 00:49:00.199 GMT+0200,1.2942200000000001,1.29414,0.9,0.9
19.08.2024 00:49:10.166 GMT+0200,1.29424,1.29413,0.9,0.9
19.08.2024 00:49:49.278 GMT+0200,1.2942200000000001,1.2941200000000002,0.9,0.9
19.08.2024 00:50:02.520 GMT+0200,1.29424,1.29413,0.9,0.9
19.08.2024 00:50:16.875 GMT+0200,1.29424,1.2941600000000002,0.9,0.9
19.08.2024 00:50:38.472 GMT+0200,1.2942500000000001,1.29414,0.9,0.9
19.08.2024 00:50:48.747 GMT+0200,1.29424,1.2941600000000002,0.9,0.9
19.08.2024 00:51:10.842 GMT+0200,1.29423,1.2941500000000001,0.9,0.9
19.08.2024 00:52:40.890 GMT+0200,1.29423,1.29413,0.9,0.9
19.08.2024 00:52:50.847 GMT+0200,1.29423,1.29414,0.9,0.9
19.08.2024 00:53:19.364 GMT+0200,1.2942200000000001,1.29413,0.9,0.9
19.08.2024 00:53:32.829 GMT+0200,1.29421,1.2941200000000002,0.9,0.9
19.08.2024 00:53:35.011 GMT+0200,1.29424,1.2941500000000001,0.9,0.9
19.08.2024 00:53:35.115 GMT+0200,1.29424,1.29413,0.9,0.9
19.08.2024 00:53:37.446 GMT+0200,1.29424,1.2941500000000001,0.9,0.9
19.08.2024 00:54:03.192 GMT+0200,1.29423,1.29413,0.9,0.9
19.08.2024 00:54:31.007 GMT+0200,1.2941600000000002,1.29409,0.9,4.5
19.08.2024 00:54:31.266 GMT+0200,1.2941600000000002,1.29408,0.9,0.9
19.08.2024 00:54:41.218 GMT+0200,1.2941799999999999,1.29408,0.9,0.9
19.08.2024 00:54:47.695 GMT+0200,1.29417,1.29406,0.9,0.9
19.08.2024 00:54:53.613 GMT+0200,1.2941799999999999,1.29408,0.9,0.9
19.08.2024 00:55:00.190 GMT+0200,1.2942,1.29408,4.5,0.9
19.08.2024 00:55:16.221 GMT+0200,1.2942,1.2941,0.9,0.9
19.08.2024 00:55:17.821 GMT+0200,1.29424,1.29414,5.4,0.9
19.08.2024 00:55:17.927 GMT+0200,1.2942500000000001,1.29414,5.4,0.9
19.08.2024 00:55:27.862 GMT+0200,1.29424,1.29414,0.9,0.9
19.08.2024 00:55:51.068 GMT+0200,1.29428,1.2941500000000001,0.9,0.9
19.08.2024 00:55:51.173 GMT+0200,1.29427,1.29417,0.9,0.9
19.08.2024 00:56:09.078 GMT+0200,1.29428,1.2941799999999999,0.9,0.9
19.08.2024 00:56:10.801 GMT+0200,1.2943,1.2941799999999999,0.9,0.9
19.08.2024 00:56:30.802 GMT+0200,1.29429,1.2941799999999999,0.9,0.9
19.08.2024 00:56:34.572 GMT+0200,1.29428,1.29417,0.9,0.9
19.08.2024 00:56:41.181 GMT+0200,1.29428,1.2941799999999999,0.9,0.9
19.08.2024 00:57:07.315 GMT+0200,1.29427,1.2941600000000002,0.9,0.9
19.08.2024 00:57:15.449 GMT+0200,1.29427,1.29417,5.4,0.9
19.08.2024 00:57:40.286 GMT+0200,1.29428,1.2941799999999999,0.9,0.9
19.08.2024 00:57:49.458 GMT+0200,1.29428,1.2941600000000002,0.9,0.9
19.08.2024 00:58:00.112 GMT+0200,1.29429,1.29414,5.4,4.5
19.08.2024 00:58:02.280 GMT+0200,1.29429,1.29413,0.9,4.5
19.08.2024 00:58:02.637 GMT+0200,1.2943,1.29413,4.5,4.5
19.08.2024 00:58:03.144 GMT+0200,1.2943,1.29413,6.3,0.12
19.08.2024 00:58:03.448 GMT+0200,1.29429,1.29414,4.5,4.5
19.08.2024 00:58:04.355 GMT+0200,1.29431,1.2941200000000002,6.3,0.12
19.08.2024 00:58:05.619 GMT+0200,1.29428,1.29413,0.9,0.12
19.08.2024 00:58:05.723 GMT+0200,1.29429,1.29413,0.9,4.5
19.08.2024 00:58:10.612 GMT+0200,1.2943,1.29413,4.5,4.5
19.08.2024 00:58:10.918 GMT+0200,1.29428,1.29414,0.9,4.5
19.08.2024 00:58:15.802 GMT+0200,1.2943,1.29413,4.5,4.5
19.08.2024 00:58:16.158 GMT+0200,1.29428,1.29414,0.9,4.5
19.08.2024 00:58:20.842 GMT+0200,1.29429,1.29414,4.5,4.5
19.08.2024 00:58:21.852 GMT+0200,1.29429,1.2941500000000001,5.4,4.5
19.08.2024 00:58:25.875 GMT+0200,1.29429,1.29413,5.4,4.59
19.08.2024 00:58:30.602 GMT+0200,1.29429,1.2941500000000001,5.4,4.5
19.08.2024 00:58:35.678 GMT+0200,1.29429,1.29414,0.9,4.5
19.08.2024 00:58:38.145 GMT+0200,1.29429,1.2941500000000001,5.4,0.9
19.08.2024 00:58:38.298 GMT+0200,1.29428,1.2941500000000001,0.9,4.5
19.08.2024 00:58:38.753 GMT+0200,1.29431,1.2941200000000002,8.55,0.12
19.08.2024 00:58:41.379 GMT+0200,1.29429,1.29413,4.5,0.12
19.08.2024 00:58:42.689 GMT+0200,1.29429,1.2941500000000001,4.5,4.5
19.08.2024 00:58:46.918 GMT+0200,1.2943,1.2941200000000002,4.5,0.12
19.08.2024 00:58:49.437 GMT+0200,1.29429,1.2941200000000002,4.5,10.8
19.08.2024 00:58:50.997 GMT+0200,1.29431,1.29411,7.65,11.25
19.08.2024 00:58:51.906 GMT+0200,1.29427,1.29411,4.5,4.59
19.08.2024 00:58:52.010 GMT+0200,1.2942600000000002,1.29411,0.9,0.9
19.08.2024 00:58:52.266 GMT+0200,1.29427,1.29411,5.85,0.9
19.08.2024 00:58:57.298 GMT+0200,1.2942600000000002,1.29411,0.9,0.9
19.08.2024 00:58:57.451 GMT+0200,1.2942600000000002,1.2941,0.9,0.9
19.08.2024 00:58:59.926 GMT+0200,1.29428,1.29411,5.4,4.5
19.08.2024 00:59:03.760 GMT+0200,1.29429,1.29411,0.9,0.9
19.08.2024 00:59:06.734 GMT+0200,1.29428,1.29411,0.9,0.9
19.08.2024 00:59:29.316 GMT+0200,1.29428,1.2941200000000002,4.5,3.6
19.08.2024 00:59:29.675 GMT+0200,1.2943,1.2941,5.4,9.09
19.08.2024 00:59:50.216 GMT+0200,1.29429,1.29411,4.5,4.5
19.08.2024 01:00:00.082 GMT+0200,1.29428,1.2941600000000002,5.4,0.9
19.08.2024 01:00:00.238 GMT+0200,1.29427,1.2941500000000001,0.9,1.8
19.08.2024 01:00:10.161 GMT+0200,1.29429,1.29417,1.8,0.9
19.08.2024 01:00:14.961 GMT+0200,1.29427,1.29417,0.9,0.9
19.08.2024 01:00:28.990 GMT+0200,1.2942500000000001,1.2941600000000002,0.9,0.9
19.08.2024 01:01:02.744 GMT+0200,1.2942600000000002,1.29417,0.9,0.9
19.08.2024 01:01:37.790 GMT+0200,1.2942,1.2941200000000002,0.9,5.4
19.08.2024 01:01:37.896 GMT+0200,1.29417,1.2941200000000002,1.8,4.5
19.08.2024 01:01:38.051 GMT+0200,1.29417,1.29408,1.8,0.9
19.08.2024 01:02:00.620 GMT+0200,1.2941600000000002,1.29408,0.9,0.9
19.08.2024 01:02:05.203 GMT+0200,1.29417,1.29408,0.9,0.9
19.08.2024 01:02:05.307 GMT+0200,1.29421,1.2941,0.9,0.9
19.08.2024 01:02:05.412 GMT+0200,1.29419,1.29408,1.8,1.8
19.08.2024 01:02:10.763 GMT+0200,1.2941600000000002,1.29408,0.9,0.9
19.08.2024 01:02:20.564 GMT+0200,1.2941500000000001,1.29406,1.8,1.8
19.08.2024 01:02:31.166 GMT+0200,1.2941600000000002,1.29407,1.8,1.8
19.08.2024 01:02:37.461 GMT+0200,1.2941500000000001,1.29406,1.8,1.8
19.08.2024 01:02:52.072 GMT+0200,1.2941600000000002,1.29408,0.9,1.8
19.08.2024 01:03:40.393 GMT+0200,1.29413,1.2940500000000001,0.9,0.9
19.08.2024 01:03:40.497 GMT+0200,1.29413,1.29404,0.9,0.9
19.08.2024 01:03:45.413 GMT+0200,1.29413,1.2940200000000002,1.8,1.8
19.08.2024 01:03:58.324 GMT+0200,1.29411,1.29401,0.9,0.9
19.08.2024 01:04:17.839 GMT+0200,1.29409,1.294,0.9,5.85
19.08.2024 01:04:17.893 GMT+0200,1.29407,1.29399,0.9,0.9
19.08.2024 01:04:18.959 GMT+0200,1.2941200000000002,1.29401,0.9,0.9
19.08.2024 01:04:19.013 GMT+0200,1.2941600000000002,1.2940500000000001,6.3,1.8
19.08.2024 01:04:20.028 GMT+0200,1.2941600000000002,1.29407,0.9,0.9
19.08.2024 01:04:20.184 GMT+0200,1.29417,1.29409,0.9,0.9
19.08.2024 01:04:35.401 GMT+0200,1.29414,1.29406,0.9,0.9
19.08.2024 01:04:40.119 GMT+0200,1.2941500000000001,1.29407,0.9,0.9
19.08.2024 01:04:52.464 GMT+0200,1.29414,1.2940500000000001,1.8,1.8
19.08.2024 01:05:10.418 GMT+0200,1.2941200000000002,1.29404,0.9,0.9
19.08.2024 01:05:25.925 GMT+0200,1.2941,1.29399,0.9,0.9
19.08.2024 01:05:26.031 GMT+0200,1.29408,1.29399,1.8,1.8
19.08.2024 01:05:53.220 GMT+0200,1.29409,1.29401,0.9,0.9
19.08.2024 01:05:53.273 GMT+0200,1.29411,1.2940200000000002,0.9,0.9
19.08.2024 01:06:03.249 GMT+0200,1.29413,1.2940200000000002,0.9,0.9
19.08.2024 01:06:05.118 GMT+0200,1.29414,1.29406,0.9,0.9
19.08.2024 01:06:05.222 GMT+0200,1.29413,1.29404,0.9,0.9
19.08.2024 01:06:08.547 GMT+0200,1.29413,1.2940200000000002,0.9,1.8
19.08.2024 01:06:20.053 GMT+0200,1.29411,1.29401,0.9,1.8
19.08.2024 01:06:32.946 GMT+0200,1.2941200000000002,1.29403,0.9,0.9
19.08.2024 01:06:49.159 GMT+0200,1.29411,1.29401,0.9,1.8
19.08.2024 01:07:44.185 GMT+0200,1.29411,1.29403,0.9,0.9
19.08.2024 01:08:33.498 GMT+0200,1.29414,1.29403,0.9,0.9
19.08.2024 01:08:33.603 GMT+0200,1.29414,1.2940500000000001,0.9,0.9
19.08.2024 01:08:33.654 GMT+0200,1.2941500000000001,1.29407,0.9,0.9
19.08.2024 01:08:33.758 GMT+0200,1.2941600000000002,1.29408,0.9,0.9
19.08.2024 01:08:43.529 GMT+0200,1.2941799999999999,1.29409,1.8,0.9
19.08.2024 01:08:58.945 GMT+0200,1.2941600000000002,1.29407,0.9,0.9
19.08.2024 01:09:45.366 GMT+0200,1.29417,1.29408,1.8,0.9
19.08.2024 01:10:18.460 GMT+0200,1.2941600000000002,1.29408,0.9,1.8
19.08.2024 01:10:40.358 GMT+0200,1.29417,1.29408,0.9,0.9
19.08.2024 01:10:53.467 GMT+0200,1.29417,1.29407,1.8,0.9
19.08.2024 01:11:00.867 GMT+0200,1.29417,1.29406,1.8,1.8
19.08.2024 01:11:20.596 GMT+0200,1.29414,1.29406,0.9,1.8
19.08.2024 01:11:33.082 GMT+0200,1.2941600000000002,1.29406,0.9,2.7
19.08.2024 01:12:10.848 GMT+0200,1.29414,1.29407,0.9,2.7
19.08.2024 01:12:30.274 GMT+0200,1.29413,1.29406,0.9,1.8
19.08.2024 01:12:38.068 GMT+0200,1.29413,1.29407,0.9,0.9
19.08.2024 01:12:38.121 GMT+0200,1.2941500000000001,1.29407,0.9,2.7
19.08.2024 01:12:38.329 GMT+0200,1.2941600000000002,1.29409,1.8,0.9
19.08.2024 01:13:30.007 GMT+0200,1.2941500000000001,1.29408,0.9,0.9
19.08.2024 01:13:30.060 GMT+0200,1.29414,1.29407,1.8,0.9
19.08.2024 01:13:31.133 GMT+0200,1.2941500000000001,1.29408,1.8,0.9
19.08.2024 01:13:33.812 GMT+0200,1.2941500000000001,1.29409,0.9,0.9
19.08.2024 01:13:47.225 GMT+0200,1.29417,1.29408,1.8,0.9
19.08.2024 01:14:01.233 GMT+0200,1.29417,1.29409,1.8,1.8
19.08.2024 01:14:07.953 GMT+0200,1.29419,1.2941,1.8,0.9
19.08.2024 01:14:08.162 GMT+0200,1.29417,1.2941,0.9,0.9
19.08.2024 01:14:08.625 GMT+0200,1.29417,1.29408,0.9,0.9
19.08.2024 01:14:30.654 GMT+0200,1.29419,1.2941,0.9,1.8
19.08.2024 01:14:30.760 GMT+0200,1.2941799999999999,1.29409,0.9,0.9
19.08.2024 01:14:55.639 GMT+0200,1.2941799999999999,1.29411,2.7,0.9
19.08.2024 01:14:55.747 GMT+0200,1.29421,1.29411,0.9,2.7
19.08.2024 01:14:55.801 GMT+0200,1.2942200000000001,1.29413,1.8,0.9
19.08.2024 01:15:08.532 GMT+0200,1.29423,1.2941600000000002,0.9,1.8
19.08.2024 01:15:23.518 GMT+0200,1.2942500000000001,1.2941799999999999,1.8,0.9
19.08.2024 01:15:31.243 GMT+0200,1.29431,1.2942200000000001,1.8,0.9
19.08.2024 01:15:31.350 GMT+0200,1.2943200000000001,1.29427,4.5,1.8
19.08.2024 01:15:31.455 GMT+0200,1.29434,1.2942600000000002,4.5,1.8
19.08.2024 01:15:31.609 GMT+0200,1.29434,1.29427,0.9,1.8
19.08.2024 01:15:32.072 GMT+0200,1.29431,1.2942500000000001,0.9,0.9
19.08.2024 01:15:32.177 GMT+0200,1.29431,1.29424,0.9,1.8
19.08.2024 01:15:37.460 GMT+0200,1.29433,1.29424,0.9,0.9
19.08.2024 01:15:48.226 GMT+0200,1.29434,1.29427,0.9,1.8
19.08.2024 01:16:00.132 GMT+0200,1.2943500000000001,1.29428,1.8,0.9
19.08.2024 01:16:00.492 GMT+0200,1.2943600000000002,1.29428,0.9,0.9
19.08.2024 01:16:00.646 GMT+0200,1.2943600000000002,1.29429,1.8,0.9
19.08.2024 01:16:37.781 GMT+0200,1.2944,1.29433,1.8,0.9
19.08.2024 01:16:37.893 GMT+0200,1.29444,1.2943600000000002,0.9,0.9
19.08.2024 01:16:37.997 GMT+0200,1.29445,1.2943600000000002,5.4,0.9
19.08.2024 01:16:38.557 GMT+0200,1.29444,1.29438,0.9,0.9
19.08.2024 01:16:42.248 GMT+0200,1.29444,1.2943700000000002,0.9,1.8
19.08.2024 01:17:10.456 GMT+0200,1.29445,1.2943700000000002,0.9,0.9
19.08.2024 01:17:32.882 GMT+0200,1.29445,1.29438,0.9,1.8
19.08.2024 01:17:57.569 GMT+0200,1.29445,1.29439,0.9,0.9
19.08.2024 01:18:20.485 GMT+0200,1.2944600000000002,1.2943700000000002,0.9,1.8
19.08.2024 01:18:25.471 GMT+0200,1.29444,1.2943500000000001,0.9,2.7
19.08.2024 01:18:26.186 GMT+0200,1.2944200000000001,1.29434,0.9,0.9
19.08.2024 01:18:26.292 GMT+0200,1.2943600000000002,1.2943,0.9,0.9
19.08.2024 01:18:26.396 GMT+0200,1.2943600000000002,1.29429,1.8,0.9
19.08.2024 01:18:29.072 GMT+0200,1.29438,1.29431,0.9,1.8
19.08.2024 01:18:29.178 GMT+0200,1.2944,1.29433,1.8,0.9
19.08.2024 01:18:42.349 GMT+0200,1.29441,1.29434,0.9,0.9
19.08.2024 01:19:13.042 GMT+0200,1.29443,1.2943700000000002,0.9,0.9
19.08.2024 01:19:13.147 GMT+0200,1.29445,1.29438,2.7,0.9
19.08.2024 01:19:40.590 GMT+0200,1.29445,1.2943600000000002,0.9,1.8
19.08.2024 01:19:52.658 GMT+0200,1.2944200000000001,1.2943700000000002,0.9,0.9
19.08.2024 01:19:58.929 GMT+0200,1.2944200000000001,1.2943600000000002,0.9,0.9
19.08.2024 01:20:11.986 GMT+0200,1.29441,1.2943500000000001,0.9,0.9
19.08.2024 01:20:12.093 GMT+0200,1.2944,1.29431,0.9,1.8
19.08.2024 01:20:12.812 GMT+0200,1.29439,1.29433,0.9,0.9
19.08.2024 01:20:13.527 GMT+0200,1.29441,1.2943600000000002,0.9,0.9
19.08.2024 01:20:13.632 GMT+0200,1.29441,1.29434,1.8,0.9
19.08.2024 01:20:13.788 GMT+0200,1.2944,1.29433,0.9,1.8
19.08.2024 01:20:52.188 GMT+0200,1.29439,1.2943200000000001,0.9,2.7
19.08.2024 01:21:00.752 GMT+0200,1.2944,1.29433,1.8,0.9
19.08.2024 01:21:55.737 GMT+0200,1.29439,1.29433,0.9,0.9
19.08.2024 01:22:02.240 GMT+0200,1.29439,1.2943200000000001,1.8,0.9
19.08.2024 01:22:21.493 GMT+0200,1.29438,1.29431,1.8,0.9
19.08.2024 01:22:21.547 GMT+0200,1.2943500000000001,1.29427,0.9,0.9
19.08.2024 01:22:29.399 GMT+0200,1.29433,1.2942600000000002,0.9,0.9
19.08.2024 01:22:29.454 GMT+0200,1.29431,1.29424,1.8,0.9
19.08.2024 01:22:29.561 GMT+0200,1.2942600000000002,1.2942,0.9,4.5
19.08.2024 01:22:29.717 GMT+0200,1.2942500000000001,1.2942,0.9,0.9
19.08.2024 01:22:34.973 GMT+0200,1.2942600000000002,1.2941799999999999,0.9,0.9
19.08.2024 01:22:43.909 GMT+0200,1.2942500000000001,1.29417,0.9,0.9
19.08.2024 01:22:59.101 GMT+0200,1.29423,1.2941600000000002,1.8,1.8
19.08.2024 01:23:00.368 GMT+0200,1.29423,1.2941799999999999,0.9,0.9
19.08.2024 01:23:00.983 GMT+0200,1.29424,1.2941500000000001,1.8,0.9
19.08.2024 01:23:53.414 GMT+0200,1.2942500000000001,1.29417,0.9,0.9
19.08.2024 01:24:30.408 GMT+0200,1.2942600000000002,1.29417,1.8,0.9
19.08.2024 01:24:40.872 GMT+0200,1.2942500000000001,1.29417,0.9,0.9
19.08.2024 01:25:17.692 GMT+0200,1.2942600000000002,1.29419,0.9,0.9
19.08.2024 01:25:35.638 GMT+0200,1.2942500000000001,1.2941600000000002,1.8,0.9
19.08.2024 01:25:35.743 GMT+0200,1.29424,1.2941799999999999,0.9,0.9
19.08.2024 01:25:38.572 GMT+0200,1.2942600000000002,1.29419,1.8,0.9
19.08.2024 01:25:44.704 GMT+0200,1.2942600000000002,1.2941799999999999,0.9,0.9
19.08.2024 01:25:55.232 GMT+0200,1.2942500000000001,1.2941799999999999,0.9,1.8
19.08.2024 01:27:11.432 GMT+0200,1.29423,1.2941799999999999,0.9,0.9
19.08.2024 01:27:17.273 GMT+0200,1.29424,1.2941600000000002,0.9,0.9
19.08.2024 01:28:12.287 GMT+0200,1.29423,1.2941600000000002,1.8,1.8
19.08.2024 01:28:14.620 GMT+0200,1.29419,1.29413,0.9,1.35
19.08.2024 01:28:14.674 GMT+0200,1.29421,1.29413,1.8,0.9
19.08.2024 01:28:14.779 GMT+0200,1.29419,1.2941200000000002,0.9,0.9
19.08.2024 01:28:14.884 GMT+0200,1.2942,1.29413,1.8,0.9
19.08.2024 01:28:16.756 GMT+0200,1.29423,1.2941600000000002,1.8,0.9
19.08.2024 01:28:16.862 GMT+0200,1.29423,1.29417,0.9,0.9
19.08.2024 01:28:16.966 GMT+0200,1.29424,1.2941600000000002,1.8,0.9
19.08.2024 01:28:17.121 GMT+0200,1.2942500000000001,1.29417,0.9,0.9
19.08.2024 01:28:18.948 GMT+0200,1.2942500000000001,1.2941799999999999,1.8,0.9
19.08.2024 01:28:54.532 GMT+0200,1.29427,1.2941799999999999,2.7,0.9
19.08.2024 01:28:56.332 GMT+0200,1.2942600000000002,1.29417,0.9,0.9
19.08.2024 01:29:55.737 GMT+0200,1.2943,1.29423,2.7,0.9
19.08.2024 01:29:56.101 GMT+0200,1.2943,1.29421,1.8,0.9
19.08.2024 01:29:56.256 GMT+0200,1.29428,1.2942200000000001,0.9,0.9
19.08.2024 01:29:59.192 GMT+0200,1.29429,1.2942,1.8,0.9
19.08.2024 01:30:00.055 GMT+0200,1.29428,1.2941799999999999,0.9,0.9
19.08.2024 01:30:06.209 GMT+0200,1.2942600000000002,1.2941600000000002,0.9,1.89
19.08.2024 01:30:14.050 GMT+0200,1.2942600000000002,1.29414,0.9,0.99
19.08.2024 01:30:23.026 GMT+0200,1.2942500000000001,1.2941600000000002,0.9,0.12
19.08.2024 01:30:26.604 GMT+0200,1.2942600000000002,1.29414,0.9,0.9
19.08.2024 01:30:51.143 GMT+0200,1.2942600000000002,1.2941600000000002,0.9,0.99
19.08.2024 01:31:04.227 GMT+0200,1.2942500000000001,1.29413,0.9,6.84
19.08.2024 01:31:05.552 GMT+0200,1.2942500000000001,1.29417,0.9,0.9
19.08.2024 01:31:41.985 GMT+0200,1.2942600000000002,1.29417,0.9,0.9
19.08.2024 01:31:55.911 GMT+0200,1.29427,1.29417,0.9,0.9
19.08.2024 01:32:20.420 GMT+0200,1.2942500000000001,1.2941799999999999,0.9,0.9
19.08.2024 01:32:24.702 GMT+0200,1.29428,1.2941799999999999,0.9,0.9
19.08.2024 01:32:24.755 GMT+0200,1.29429,1.29421,0.9,0.9
19.08.2024 01:32:24.860 GMT+0200,1.29428,1.2942,0.9,0.9
19.08.2024 01:32:38.237 GMT+0200,1.29427,1.29419,0.9,0.9
19.08.2024 01:32:45.774 GMT+0200,1.2942600000000002,1.2941600000000002,0.9,0.9
19.08.2024 01:32:48.859 GMT+0200,1.2942500000000001,1.2941600000000002,0.9,0.9
19.08.2024 01:33:00.395 GMT+0200,1.29427,1.2941600000000002,0.9,0.9
19.08.2024 01:33:20.431 GMT+0200,1.2942500000000001,1.2941600000000002,0.9,0.9
19.08.2024 01:33:40.936 GMT+0200,1.2942600000000002,1.2941600000000002,0.9,0.9
19.08.2024 01:33:58.492 GMT+0200,1.2942500000000001,1.2941600000000002,0.9,0.9
19.08.2024 01:35:00.836 GMT+0200,1.29427,1.2941500000000001,0.9,0.99
19.08.2024 01:36:13.514 GMT+0200,1.29427,1.29414,0.9,0.9
19.08.2024 01:36:14.825 GMT+0200,1.2942500000000001,1.29414,0.9,0.99
19.08.2024 01:36:20.935 GMT+0200,1.29423,1.29413,0.9,2.79
19.08.2024 01:36:30.938 GMT+0200,1.2942500000000001,1.29413,0.9,0.9
19.08.2024 01:36:56.702 GMT+0200,1.2942600000000002,1.29414,0.9,0.9
19.08.2024 01:37:00.183 GMT+0200,1.29424,1.29414,0.9,0.99
19.08.2024 01:37:01.147 GMT+0200,1.2942600000000002,1.29414,0.9,0.9
19.08.2024 01:37:01.252 GMT+0200,1.29424,1.29414,0.9,5.49
19.08.2024 01:37:11.275 GMT+0200,1.2942600000000002,1.29414,0.9,0.9
19.08.2024 01:37:11.429 GMT+0200,1.29424,1.29414,0.9,1.89
19.08.2024 01:37:34.129 GMT+0200,1.29424,1.29413,0.9,0.12
19.08.2024 01:37:40.456 GMT+0200,1.29423,1.29413,0.9,3.24
19.08.2024 01:37:50.714 GMT+0200,1.29424,1.29413,0.9,0.12
19.08.2024 01:37:50.817 GMT+0200,1.29423,1.29413,0.9,6.84
19.08.2024 01:37:58.294 GMT+0200,1.29424,1.29413,0.9,0.9
19.08.2024 01:37:58.904 GMT+0200,1.29423,1.29413,0.9,5.49
19.08.2024 01:37:59.310 GMT+0200,1.29423,1.29414,0.9,0.9
19.08.2024 01:38:00.121 GMT+0200,1.29424,1.29414,0.9,0.9
19.08.2024 01:38:00.275 GMT+0200,1.29424,1.2941200000000002,0.9,5.94
19.08.2024 01:38:03.106 GMT+0200,1.29424,1.29413,0.9,0.9
19.08.2024 01:38:03.208 GMT+0200,1.29423,1.29413,0.9,2.34
19.08.2024 01:38:04.174 GMT+0200,1.29423,1.29414,0.9,0.12
19.08.2024 01:38:04.276 GMT+0200,1.29423,1.29413,0.9,5.49
19.08.2024 01:38:06.150 GMT+0200,1.29423,1.29414,0.9,0.9
19.08.2024 01:38:06.403 GMT+0200,1.29423,1.29413,0.9,5.94
19.08.2024 01:38:06.756 GMT+0200,1.29424,1.29413,0.9,0.9
19.08.2024 01:38:07.412 GMT+0200,1.29423,1.29413,0.9,2.34
19.08.2024 01:38:07.666 GMT+0200,1.29424,1.29413,0.9,0.9
19.08.2024 01:38:07.819 GMT+0200,1.29424,1.2941200000000002,0.9,2.34
19.08.2024 01:38:08.123 GMT+0200,1.29423,1.29414,0.9,0.9
19.08.2024 01:38:08.378 GMT+0200,1.29424,1.2941200000000002,0.9,1.44
19.08.2024 01:38:11.160 GMT+0200,1.29423,1.29414,0.9,0.9
19.08.2024 01:38:12.623 GMT+0200,1.29424,1.2941200000000002,0.9,6.84
19.08.2024 01:38:14.843 GMT+0200,1.29423,1.29414,0.9,0.9
19.08.2024 01:38:14.946 GMT+0200,1.29424,1.2941200000000002,0.9,5.94
19.08.2024 01:38:15.858 GMT+0200,1.29423,1.29414,0.9,4.5
19.08.2024 01:38:15.912 GMT+0200,1.2942600000000002,1.29413,0.9,4.59
19.08.2024 01:38:16.118 GMT+0200,1.29423,1.29414,0.9,4.5
19.08.2024 01:38:16.222 GMT+0200,1.2942500000000001,1.2941500000000001,0.9,0.9
19.08.2024 01:38:21.387 GMT+0200,1.2942600000000002,1.29413,0.9,1.89
19.08.2024 01:38:22.346 GMT+0200,1.2942600000000002,1.29414,0.9,0.9
19.08.2024 01:38:23.058 GMT+0200,1.2942600000000002,1.2941500000000001,0.9,0.9
19.08.2024 01:38:29.604 GMT+0200,1.2942500000000001,1.29414,0.9,6.39
19.08.2024 01:38:30.414 GMT+0200,1.29424,1.29414,0.9,7.29
19.08.2024 01:38:33.938 GMT+0200,1.29424,1.2941500000000001,0.9,0.9
19.08.2024 01:38:34.851 GMT+0200,1.2942500000000001,1.29413,0.9,5.49
19.08.2024 01:38:36.832 GMT+0200,1.29424,1.2941500000000001,0.9,0.9
19.08.2024 01:39:31.840 GMT+0200,1.29424,1.2941600000000002,0.9,0.9
19.08.2024 01:40:10.507 GMT+0200,1.2942600000000002,1.29417,0.9,0.9
19.08.2024 01:40:14.447 GMT+0200,1.2942600000000002,1.2941600000000002,0.9,0.9
19.08.2024 01:40:20.860 GMT+0200,1.2942500000000001,1.2941600000000002,0.9,0.9
19.08.2024 01:40:49.067 GMT+0200,1.2943,1.29421,4.5,0.9
19.08.2024 01:40:49.174 GMT+0200,1.2943,1.2942,0.9,0.9
19.08.2024 01:40:49.482 GMT+0200,1.29429,1.29419,0.9,0.9
19.08.2024 01:40:51.649 GMT+0200,1.29427,1.2942,0.9,0.9
19.08.2024 01:40:52.713 GMT+0200,1.2943,1.2942,0.9,0.9
19.08.2024 01:40:53.473 GMT+0200,1.2943,1.29419,0.9,0.9
19.08.2024 01:40:54.936 GMT+0200,1.2943,1.2941799999999999,0.9,4.95
19.08.2024 01:40:55.040 GMT+0200,1.2943,1.29417,0.9,7.2
19.08.2024 01:41:02.400 GMT+0200,1.29428,1.29417,0.9,5.4
19.08.2024 01:41:02.556 GMT+0200,1.2943,1.29417,0.9,5.49
19.08.2024 01:41:02.661 GMT+0200,1.29429,1.29419,0.9,4.59
19.08.2024 01:41:02.765 GMT+0200,1.29429,1.2941799999999999,0.9,5.49
19.08.2024 01:41:07.197 GMT+0200,1.29428,1.2941799999999999,0.9,5.49
19.08.2024 01:41:15.204 GMT+0200,1.29427,1.2941600000000002,0.9,5.4
19.08.2024 01:41:15.309 GMT+0200,1.2942600000000002,1.2941600000000002,0.9,0.9
19.08.2024 01:41:22.625 GMT+0200,1.2942600000000002,1.2941500000000001,0.9,1.8
19.08.2024 01:42:46.521 GMT+0200,1.2942600000000002,1.29414,0.9,0.99
19.08.2024 01:42:50.754 GMT+0200,1.2942600000000002,1.2941500000000001,0.9,0.12
19.08.2024 01:43:04.137 GMT+0200,1.2942600000000002,1.29414,0.9,6.39
19.08.2024 01:43:18.174 GMT+0200,1.29424,1.29414,0.9,0.12
19.08.2024 01:43:26.133 GMT+0200,1.29424,1.2941500000000001,0.9,0.12
19.08.2024 01:43:27.091 GMT+0200,1.2942500000000001,1.29413,0.9,0.12
19.08.2024 01:43:40.474 GMT+0200,1.29419,1.2941200000000002,0.9,4.5
19.08.2024 01:43:40.581 GMT+0200,1.2941500000000001,1.2941200000000002,0.9,4.5
19.08.2024 01:43:40.687 GMT+0200,1.29417,1.29406,0.9,0.9
19.08.2024 01:43:46.599 GMT+0200,1.2941600000000002,1.2940500000000001,0.9,6.39
19.08.2024 01:44:00.399 GMT+0200,1.2941600000000002,1.29406,0.9,6.39
19.08.2024 01:44:10.441 GMT+0200,1.2941600000000002,1.2940500000000001,0.9,0.99
19.08.2024 01:44:22.140 GMT+0200,1.2941600000000002,1.29406,0.9,0.9
19.08.2024 01:44:24.303 GMT+0200,1.2941500000000001,1.29406,0.9,6.39
19.08.2024 01:44:24.959 GMT+0200,1.2941500000000001,1.29407,0.9,0.9
19.08.2024 01:44:28.097 GMT+0200,1.29417,1.29409,0.9,0.9
19.08.2024 01:44:28.202 GMT+0200,1.29417,1.29408,0.9,1.8
19.08.2024 01:44:28.306 GMT+0200,1.29417,1.29409,0.9,0.9
19.08.2024 01:44:36.480 GMT+0200,1.29424,1.2941500000000001,0.45,0.9
19.08.2024 01:44:36.534 GMT+0200,1.2942600000000002,1.2941600000000002,9.9,0.9
19.08.2024 01:45:00.145 GMT+0200,1.2942600000000002,1.2941799999999999,0.9,0.9
19.08.2024 01:45:05.575 GMT+0200,1.2942600000000002,1.2941600000000002,0.9,0.9
19.08.2024 01:45:08.759 GMT+0200,1.29424,1.2941500000000001,0.9,5.04
19.08.2024 01:45:16.277 GMT+0200,1.29424,1.2941600000000002,0.9,0.9
19.08.2024 01:45:23.431 GMT+0200,1.2942500000000001,1.2941600000000002,0.9,0.99
19.08.2024 01:45:27.061 GMT+0200,1.2942500000000001,1.29417,0.9,0.9
19.08.2024 01:45:27.213 GMT+0200,1.2942500000000001,1.2941600000000002,0.9,1.89
19.08.2024 01:45:28.469 GMT+0200,1.2942500000000001,1.29417,0.9,0.9
19.08.2024 01:45:28.873 GMT+0200,1.2942600000000002,1.2941500000000001,0.9,1.89
19.08.2024 01:45:28.977 GMT+0200,1.2942600000000002,1.29417,0.9,0.9
19.08.2024 01:45:50.724 GMT+0200,1.29427,1.2941799999999999,0.9,0.9
19.08.2024 01:45:50.776 GMT+0200,1.2942600000000002,1.29417,0.9,8.19
19.08.2024 01:45:51.843 GMT+0200,1.29427,1.29417,0.9,0.9
19.08.2024 01:45:53.558 GMT+0200,1.2942600000000002,1.29417,0.9,2.79
19.08.2024 01:45:54.885 GMT+0200,1.29431,1.29421,2.7,0.9
19.08.2024 01:45:54.992 GMT+0200,1.29431,1.2942,0.9,0.9
19.08.2024 01:46:10.483 GMT+0200,1.29429,1.29419,0.9,0.12
19.08.2024 01:46:10.536 GMT+0200,1.29431,1.2942,0.9,0.99
19.08.2024 01:46:10.640 GMT+0200,1.29433,1.29421,0.9,0.99
19.08.2024 01:46:13.168 GMT+0200,1.2943200000000001,1.29423,0.9,1.89
19.08.2024 01:46:13.426 GMT+0200,1.29433,1.29424,0.9,1.8
19.08.2024 01:46:15.407 GMT+0200,1.2943500000000001,1.2942500000000001,0.9,2.79
19.08.2024 01:46:15.510 GMT+0200,1.2943600000000002,1.2942500000000001,0.9,0.12
19.08.2024 01:46:17.796 GMT+0200,1.2943700000000002,1.29429,0.9,0.9
19.08.2024 01:46:17.901 GMT+0200,1.29439,1.29428,0.9,0.9
19.08.2024 01:46:18.006 GMT+0200,1.29439,1.2943,0.9,2.7
19.08.2024 01:46:29.344 GMT+0200,1.29438,1.29427,0.9,1.8
19.08.2024 01:46:30.712 GMT+0200,1.29439,1.29429,0.9,0.9
19.08.2024 01:46:35.490 GMT+0200,1.29439,1.2943200000000001,0.9,0.9
19.08.2024 01:46:49.786 GMT+0200,1.29441,1.29433,4.5,0.9
19.08.2024 01:46:49.891 GMT+0200,1.29441,1.29434,0.9,0.9
19.08.2024 01:46:50.096 GMT+0200,1.2944200000000001,1.29434,5.4,0.9
19.08.2024 01:46:57.252 GMT+0200,1.29441,1.29434,0.9,0.9
19.08.2024 01:47:00.084 GMT+0200,1.29443,1.29433,1.8,0.9
19.08.2024 01:47:02.463 GMT+0200,1.29443,1.2943600000000002,3.6,0.9
19.08.2024 01:47:02.571 GMT+0200,1.29444,1.2943700000000002,0.9,0.9
19.08.2024 01:47:05.308 GMT+0200,1.29444,1.2943600000000002,0.9,0.9
19.08.2024 01:47:05.513 GMT+0200,1.29443,1.2943600000000002,0.9,0.9
19.08.2024 01:47:09.519 GMT+0200,1.29443,1.2943500000000001,0.9,0.9
19.08.2024 01:47:22.127 GMT+0200,1.2944600000000002,1.2943700000000002,4.5,0.9
19.08.2024 01:47:22.233 GMT+0200,1.29448,1.2943700000000002,1.8,0.9
19.08.2024 01:47:24.612 GMT+0200,1.29448,1.29438,1.8,0.9
19.08.2024 01:47:24.717 GMT+0200,1.2945,1.2943700000000002,1.8,1.8
19.08.2024 01:47:24.822 GMT+0200,1.29448,1.29438,0.9,0.9
19.08.2024 01:47:31.070 GMT+0200,1.2944700000000002,1.29438,0.9,0.9
19.08.2024 01:47:32.430 GMT+0200,1.29448,1.29438,0.9,0.9
19.08.2024 01:47:33.133 GMT+0200,1.29449,1.29438,0.9,0.9
19.08.2024 01:47:35.747 GMT+0200,1.2944700000000002,1.29439,0.9,0.9
19.08.2024 01:47:36.251 GMT+0200,1.29449,1.29438,0.9,0.9
19.08.2024 01:47:57.445 GMT+0200,1.29449,1.29439,0.9,0.9
19.08.2024 01:48:01.774 GMT+0200,1.2945200000000001,1.2944600000000002,1.8,0.9
19.08.2024 01:48:01.827 GMT+0200,1.29455,1.2944600000000002,0.9,0.9
19.08.2024 01:48:01.931 GMT+0200,1.29454,1.29445,0.9,0.99
19.08.2024 01:48:02.239 GMT+0200,1.2945600000000002,1.2944600000000002,2.7,0.9
19.08.2024 01:48:02.394 GMT+0200,1.29454,1.2944600000000002,0.9,0.9
19.08.2024 01:48:07.156 GMT+0200,1.2945700000000002,1.2944600000000002,1.8,0.9
19.08.2024 01:48:07.915 GMT+0200,1.2945700000000002,1.2944700000000002,1.8,0.9
19.08.2024 01:48:12.001 GMT+0200,1.2945700000000002,1.29448,1.8,0.9
19.08.2024 01:48:12.105 GMT+0200,1.2946,1.2944700000000002,7.65,0.9
19.08.2024 01:48:12.158 GMT+0200,1.2945700000000002,1.29448,0.9,0.9
19.08.2024 01:48:13.638 GMT+0200,1.29458,1.29448,0.9,0.9
19.08.2024 01:48:52.264 GMT+0200,1.2945700000000002,1.29448,0.9,0.9
19.08.2024 01:48:52.367 GMT+0200,1.29458,1.29448,1.8,0.9
19.08.2024 01:49:08.538 GMT+0200,1.2945700000000002,1.29448,0.9,0.9
19.08.2024 01:49:09.051 GMT+0200,1.2945700000000002,1.2944700000000002,2.7,0.9
19.08.2024 01:49:29.355 GMT+0200,1.29448,1.29443,0.9,4.5
19.08.2024 01:49:29.463 GMT+0200,1.2944700000000002,1.29443,0.9,4.5
19.08.2024 01:49:29.515 GMT+0200,1.2944700000000002,1.29441,0.9,0.9
19.08.2024 01:49:31.093 GMT+0200,1.29451,1.29444,0.9,0.9
19.08.2024 01:49:31.198 GMT+0200,1.2945200000000001,1.29444,0.9,0.9
19.08.2024 01:49:31.302 GMT+0200,1.29453,1.29444,1.8,0.9
19.08.2024 01:49:31.406 GMT+0200,1.29453,1.29445,0.9,0.9
19.08.2024 01:49:31.459 GMT+0200,1.29454,1.2944600000000002,0.9,0.9
19.08.2024 01:49:31.669 GMT+0200,1.29451,1.2944200000000001,0.9,0.9
19.08.2024 01:49:31.774 GMT+0200,1.2945,1.2944200000000001,0.9,0.9
19.08.2024 01:49:35.859 GMT+0200,1.2945200000000001,1.29441,0.9,0.9
19.08.2024 01:49:35.964 GMT+0200,1.2945200000000001,1.2944200000000001,5.4,0.9
19.08.2024 01:49:41.613 GMT+0200,1.2945200000000001,1.29443,0.9,0.9
19.08.2024 01:49:42.223 GMT+0200,1.29454,1.2944200000000001,0.9,0.9
19.08.2024 01:50:01.933 GMT+0200,1.2945200000000001,1.2944200000000001,1.8,1.35
19.08.2024 01:50:02.141 GMT+0200,1.2945200000000001,1.29444,0.9,0.9
19.08.2024 01:50:08.979 GMT+0200,1.2945200000000001,1.29443,0.9,0.9
19.08.2024 01:50:30.151 GMT+0200,1.29451,1.29443,0.9,0.9
19.08.2024 01:50:51.147 GMT+0200,1.29451,1.29441,0.9,0.9
19.08.2024 01:50:56.234 GMT+0200,1.29449,1.29439,0.9,0.9
19.08.2024 01:51:06.306 GMT+0200,1.2944700000000002,1.2944,0.9,0.9
19.08.2024 01:51:07.674 GMT+0200,1.29449,1.29441,0.9,0.9
19.08.2024 01:51:10.048 GMT+0200,1.29453,1.29444,0.9,0.9
19.08.2024 01:51:10.102 GMT+0200,1.2945200000000001,1.2944200000000001,0.9,0.9
19.08.2024 01:51:11.976 GMT+0200,1.29453,1.29445,4.5,0.9
19.08.2024 01:51:12.082 GMT+0200,1.2945600000000002,1.2944600000000002,0.9,0.9
19.08.2024 01:51:22.604 GMT+0200,1.29455,1.29448,0.9,0.9
19.08.2024 01:52:01.971 GMT+0200,1.2945600000000002,1.29445,0.9,0.99
19.08.2024 01:52:03.862 GMT+0200,1.29449,1.2944,0.9,5.4
19.08.2024 01:52:04.018 GMT+0200,1.29448,1.2944,0.9,0.9
19.08.2024 01:52:04.937 GMT+0200,1.2944700000000002,1.29439,0.9,0.9
19.08.2024 01:52:07.018 GMT+0200,1.29451,1.2944200000000001,3.6,0.12
19.08.2024 01:52:07.124 GMT+0200,1.29453,1.2944600000000002,0.9,0.9
19.08.2024 01:52:07.942 GMT+0200,1.29455,1.2944700000000002,2.7,0.9
19.08.2024 01:52:35.592 GMT+0200,1.29463,1.29454,9.45,0.9
19.08.2024 01:52:35.698 GMT+0200,1.29463,1.29455,4.5,0.9
19.08.2024 01:52:35.852 GMT+0200,1.29464,1.2945600000000002,0.9,0.9
19.08.2024 01:52:36.058 GMT+0200,1.29462,1.29455,0.9,0.12
19.08.2024 01:52:36.112 GMT+0200,1.2945900000000001,1.29449,0.9,2.79
19.08.2024 01:52:40.725 GMT+0200,1.29458,1.29448,0.9,0.9
19.08.2024 01:52:50.923 GMT+0200,1.2946,1.29451,0.9,0.9
19.08.2024 01:52:51.030 GMT+0200,1.29461,1.29454,0.9,0.99
19.08.2024 01:52:51.696 GMT+0200,1.29464,1.29454,0.9,0.9
19.08.2024 01:52:53.632 GMT+0200,1.29463,1.29454,0.9,0.99
19.08.2024 01:52:53.891 GMT+0200,1.29464,1.29454,0.9,0.99
19.08.2024 01:52:53.944 GMT+0200,1.2946600000000001,1.2945600000000002,1.8,0.9
19.08.2024 01:53:12.894 GMT+0200,1.2946700000000002,1.2945700000000002,0.9,0.9
19.08.2024 01:53:41.359 GMT+0200,1.29464,1.2945600000000002,0.9,0.9
19.08.2024 01:53:57.256 GMT+0200,1.29458,1.2945,0.9,5.4
19.08.2024 01:53:57.362 GMT+0200,1.2945700000000002,1.2945,2.7,4.5
19.08.2024 01:53:57.517 GMT+0200,1.2945700000000002,1.29449,2.7,0.9
19.08.2024 01:53:57.924 GMT+0200,1.2945600000000002,1.29449,0.9,0.9
19.08.2024 01:53:58.028 GMT+0200,1.29458,1.29448,1.8,0.9
19.08.2024 01:53:58.132 GMT+0200,1.2945700000000002,1.29448,0.9,0.9
19.08.2024 01:53:58.236 GMT+0200,1.2945600000000002,1.29445,0.9,0.9
19.08.2024 01:54:10.434 GMT+0200,1.29455,1.2944700000000002,0.9,0.9
19.08.2024 01:54:13.462 GMT+0200,1.2945900000000001,1.29449,2.7,0.9
19.08.2024 01:54:23.543 GMT+0200,1.29458,1.29448,0.9,0.9
19.08.2024 01:54:27.580 GMT+0200,1.29455,1.2944700000000002,0.9,0.9
19.08.2024 01:54:31.222 GMT+0200,1.29454,1.2944600000000002,0.9,0.9
19.08.2024 01:54:42.584 GMT+0200,1.2945600000000002,1.29445,0.9,0.9
19.08.2024 01:55:03.400 GMT+0200,1.29449,1.29441,0.9,8.1
19.08.2024 01:55:03.454 GMT+0200,1.29448,1.2944,0.9,0.9
19.08.2024 01:55:12.069 GMT+0200,1.29451,1.29441,0.9,0.9
19.08.2024 01:55:14.003 GMT+0200,1.29455,1.29445,0.9,0.9
19.08.2024 01:55:40.427 GMT+0200,1.29454,1.29445,1.8,0.99
19.08.2024 01:56:00.867 GMT+0200,1.2945600000000002,1.29445,1.8,0.9
19.08.2024 01:56:01.073 GMT+0200,1.2945600000000002,1.2944600000000002,0.9,0.9
19.08.2024 01:56:35.387 GMT+0200,1.29454,1.2944600000000002,0.9,0.9
19.08.2024 01:57:20.853 GMT+0200,1.29455,1.29444,0.9,0.99
19.08.2024 01:57:30.106 GMT+0200,1.29454,1.29449,0.9,0.12
19.08.2024 01:57:31.069 GMT+0200,1.29455,1.29449,0.9,0.12
19.08.2024 01:57:36.258 GMT+0200,1.2945600000000002,1.29449,2.7,0.12
19.08.2024 01:57:57.771 GMT+0200,1.2945700000000002,1.29449,0.9,0.9
19.08.2024 01:58:01.097 GMT+0200,1.2945700000000002,1.2945,1.8,0.9
19.08.2024 01:58:16.210 GMT+0200,1.2945900000000001,1.2945,1.8,0.9
19.08.2024 01:58:16.315 GMT+0200,1.2945900000000001,1.29451,0.9,2.79
19.08.2024 01:58:16.420 GMT+0200,1.2945900000000001,1.2945,0.9,2.79
19.08.2024 01:58:16.783 GMT+0200,1.2945700000000002,1.29449,1.8,2.79
19.08.2024 01:58:16.889 GMT+0200,1.2945700000000002,1.29449,0.9,1.89
19.08.2024 01:58:18.107 GMT+0200,1.2945600000000002,1.29449,0.9,1.89
19.08.2024 01:58:25.274 GMT+0200,1.2945600000000002,1.2945,0.9,1.89
19.08.2024 01:58:35.313 GMT+0200,1.2945700000000002,1.2945,0.9,2.79
19.08.2024 01:58:45.083 GMT+0200,1.29458,1.2945,0.9,0.12
19.08.2024 01:58:45.135 GMT+0200,1.29458,1.2945200000000001,0.9,0.12
