Local time,Ask,Bid,AskVolume,BidVolume
19.08.2024 00:00:00.057 GMT+0200,0.86699,0.8664299999999999,0.27,0.9
19.08.2024 00:00:00.213 GMT+0200,0.86709,0.86649,0.9,0.9
19.08.2024 00:00:00.518 GMT+0200,0.86709,0.8664600000000001,1.17,0.9
19.08.2024 00:00:00.770 GMT+0200,0.86709,0.8664799999999999,0.9,0.9
19.08.2024 00:00:00.923 GMT+0200,0.86703,0.8664100000000001,0.9,0.9
19.08.2024 00:00:01.025 GMT+0200,0.86703,0.8664000000000001,0.9,0.9
19.08.2024 00:00:01.329 GMT+0200,0.8670200000000001,0.8663700000000001,0.9,0.9
19.08.2024 00:00:01.632 GMT+0200,0.8670100000000001,0.8663700000000001,0.9,0.9
19.08.2024 00:00:02.037 GMT+0200,0.86699,0.8663700000000001,0.27,0.9
19.08.2024 00:00:02.239 GMT+0200,0.86695,0.8663700000000001,0.9,0.9
19.08.2024 00:00:03.854 GMT+0200,0.86703,0.8665700000000001,0.9,0.9
19.08.2024 00:00:03.905 GMT+0200,0.86703,0.8664799999999999,0.9,0.9
19.08.2024 00:00:03.957 GMT+0200,0.8669600000000001,0.8665100000000001,0.9,0.9
19.08.2024 00:00:04.365 GMT+0200,0.8669600000000001,0.8663299999999999,0.9,0.45
19.08.2024 00:00:05.783 GMT+0200,0.86703,0.86645,1.8,0.9
19.08.2024 00:00:06.038 GMT+0200,0.8670200000000001,0.8664799999999999,0.9,0.9
19.08.2024 00:00:06.242 GMT+0200,0.8668600000000001,0.8664100000000001,0.9,0.9
19.08.2024 00:00:06.345 GMT+0200,0.86698,0.8664100000000001,0.9,0.9
19.08.2024 00:00:06.397 GMT+0200,0.86693,0.8664200000000001,0.9,0.9
19.08.2024 00:00:06.449 GMT+0200,0.8669700000000001,0.8664200000000001,0.9,0.9
19.08.2024 00:00:06.704 GMT+0200,0.86699,0.8664000000000001,0.9,0.9
19.08.2024 00:00:06.756 GMT+0200,0.8668600000000001,0.8663799999999999,0.9,0.45
19.08.2024 00:00:06.858 GMT+0200,0.8668600000000001,0.8663600000000001,0.9,0.45
19.08.2024 00:00:07.011 GMT+0200,0.86685,0.8663600000000001,0.9,0.45
19.08.2024 00:00:07.063 GMT+0200,0.86685,0.8663299999999999,0.9,0.45
19.08.2024 00:00:07.165 GMT+0200,0.86685,0.8663600000000001,0.9,0.45
19.08.2024 00:00:07.975 GMT+0200,0.86685,0.8663799999999999,0.9,0.45
19.08.2024 00:00:08.382 GMT+0200,0.86685,0.8663600000000001,0.9,0.45
19.08.2024 00:00:08.585 GMT+0200,0.8669200000000001,0.8663600000000001,0.9,0.45
19.08.2024 00:00:08.687 GMT+0200,0.86695,0.8664000000000001,0.9,0.45
19.08.2024 00:00:08.941 GMT+0200,0.86685,0.8664000000000001,0.9,0.45
19.08.2024 00:00:08.992 GMT+0200,0.86685,0.8663700000000001,0.9,0.45
19.08.2024 00:00:09.095 GMT+0200,0.86685,0.86639,0.9,0.45
19.08.2024 00:00:09.297 GMT+0200,0.8668600000000001,0.8663600000000001,0.9,0.45
19.08.2024 00:00:10.205 GMT+0200,0.86685,0.8664200000000001,0.9,0.45
19.08.2024 00:00:10.307 GMT+0200,0.86685,0.8663600000000001,0.9,0.45
19.08.2024 00:00:10.711 GMT+0200,0.86685,0.8663700000000001,0.9,0.45
19.08.2024 00:00:10.812 GMT+0200,0.86685,0.8663799999999999,0.9,0.45
19.08.2024 00:00:10.914 GMT+0200,0.86685,0.8663600000000001,0.9,0.45
19.08.2024 00:00:11.016 GMT+0200,0.86685,0.8663700000000001,0.9,0.45
19.08.2024 00:00:11.118 GMT+0200,0.86685,0.8664000000000001,0.9,0.45
19.08.2024 00:00:11.925 GMT+0200,0.86685,0.86644,0.9,0.45
19.08.2024 00:00:12.281 GMT+0200,0.8669100000000001,0.86644,0.9,0.45
19.08.2024 00:00:12.433 GMT+0200,0.8669100000000001,0.8664200000000001,0.9,0.45
19.08.2024 00:00:12.535 GMT+0200,0.86685,0.8664200000000001,0.9,0.45
19.08.2024 00:00:12.637 GMT+0200,0.8668600000000001,0.8664000000000001,0.9,0.45
19.08.2024 00:00:13.547 GMT+0200,0.86685,0.8664299999999999,0.9,0.45
19.08.2024 00:00:13.950 GMT+0200,0.86689,0.8664299999999999,0.9,0.45
19.08.2024 00:00:14.303 GMT+0200,0.8669200000000001,0.8664299999999999,0.9,0.45
19.08.2024 00:00:14.607 GMT+0200,0.86694,0.8664299999999999,0.9,0.45
19.08.2024 00:00:14.658 GMT+0200,0.86694,0.8663299999999999,0.9,0.45
19.08.2024 00:00:14.964 GMT+0200,0.8669600000000001,0.8664700000000001,0.9,0.45
19.08.2024 00:00:15.066 GMT+0200,0.8669600000000001,0.86649,0.9,0.45
19.08.2024 00:00:15.318 GMT+0200,0.867,0.8664799999999999,0.9,0.45
19.08.2024 00:00:15.672 GMT+0200,0.867,0.86645,0.9,0.45
19.08.2024 00:00:15.775 GMT+0200,0.867,0.8664299999999999,0.9,0.45
19.08.2024 00:00:16.027 GMT+0200,0.86685,0.86644,0.9,0.45
19.08.2024 00:00:16.281 GMT+0200,0.86685,0.8664299999999999,0.9,0.45
19.08.2024 00:00:16.384 GMT+0200,0.8669200000000001,0.86645,0.9,0.45
19.08.2024 00:00:16.486 GMT+0200,0.86699,0.86645,0.9,0.45
19.08.2024 00:00:16.638 GMT+0200,0.86685,0.86645,0.9,0.45
19.08.2024 00:00:16.791 GMT+0200,0.86685,0.8663600000000001,0.9,0.45
19.08.2024 00:00:16.894 GMT+0200,0.86685,0.8664299999999999,0.9,0.45
19.08.2024 00:00:16.996 GMT+0200,0.86685,0.86645,0.9,0.45
19.08.2024 00:00:17.097 GMT+0200,0.86685,0.8664600000000001,0.9,0.45
19.08.2024 00:00:17.201 GMT+0200,0.8669200000000001,0.8664299999999999,0.9,0.45
19.08.2024 00:00:17.302 GMT+0200,0.86695,0.8664299999999999,0.9,0.45
19.08.2024 00:00:18.007 GMT+0200,0.86695,0.8664100000000001,0.9,0.45
19.08.2024 00:00:20.368 GMT+0200,0.86695,0.8664200000000001,0.9,0.45
19.08.2024 00:00:20.771 GMT+0200,0.86695,0.8664100000000001,0.9,0.45
19.08.2024 00:00:21.375 GMT+0200,0.86695,0.86644,0.9,0.45
19.08.2024 00:00:21.881 GMT+0200,0.86695,0.8664799999999999,0.9,0.45
19.08.2024 00:00:22.084 GMT+0200,0.86695,0.86645,0.9,0.45
19.08.2024 00:00:22.692 GMT+0200,0.86695,0.8664200000000001,0.9,0.45
19.08.2024 00:00:23.298 GMT+0200,0.8668600000000001,0.8664200000000001,0.9,0.45
19.08.2024 00:00:23.400 GMT+0200,0.8668600000000001,0.86644,0.9,0.45
19.08.2024 00:00:23.502 GMT+0200,0.8668600000000001,0.8664700000000001,0.9,0.45
19.08.2024 00:00:23.554 GMT+0200,0.86693,0.8664700000000001,0.9,0.45
19.08.2024 00:00:23.706 GMT+0200,0.8669600000000001,0.8664700000000001,0.9,0.45
19.08.2024 00:00:23.809 GMT+0200,0.8668600000000001,0.8664600000000001,0.9,0.45
19.08.2024 00:00:24.012 GMT+0200,0.8668600000000001,0.86645,0.9,0.45
19.08.2024 00:00:24.317 GMT+0200,0.8668600000000001,0.86644,0.9,0.45
19.08.2024 00:00:24.722 GMT+0200,0.8668600000000001,0.8664600000000001,0.9,0.45
19.08.2024 00:00:24.826 GMT+0200,0.86693,0.8664200000000001,0.9,0.45
19.08.2024 00:00:24.928 GMT+0200,0.86699,0.8664700000000001,1.35,0.45
19.08.2024 00:00:25.332 GMT+0200,0.8669600000000001,0.8664700000000001,0.9,0.45
19.08.2024 00:00:25.534 GMT+0200,0.8669700000000001,0.86645,0.9,0.45
19.08.2024 00:00:25.838 GMT+0200,0.8669700000000001,0.8664799999999999,0.9,0.45
19.08.2024 00:00:26.847 GMT+0200,0.8669700000000001,0.8664299999999999,0.9,0.45
19.08.2024 00:00:28.358 GMT+0200,0.8669600000000001,0.8665,0.9,0.45
19.08.2024 00:00:28.460 GMT+0200,0.86698,0.8664600000000001,0.45,0.45
19.08.2024 00:00:28.864 GMT+0200,0.86699,0.8664600000000001,0.45,0.45
19.08.2024 00:00:30.174 GMT+0200,0.86695,0.8664299999999999,0.45,0.45
19.08.2024 00:00:30.781 GMT+0200,0.86693,0.8664100000000001,0.45,0.45
19.08.2024 00:00:30.884 GMT+0200,0.86698,0.8664000000000001,0.9,0.9
19.08.2024 00:00:30.936 GMT+0200,0.86669,0.8663799999999999,0.9,0.45
19.08.2024 00:00:31.052 GMT+0200,0.86669,0.8663700000000001,0.9,0.9
19.08.2024 00:00:31.157 GMT+0200,0.8667600000000001,0.8663799999999999,0.9,0.45
19.08.2024 00:00:31.261 GMT+0200,0.8668700000000001,0.8663700000000001,0.9,0.45
19.08.2024 00:00:31.617 GMT+0200,0.8668600000000001,0.8664000000000001,0.9,0.9
19.08.2024 00:00:31.669 GMT+0200,0.86694,0.86639,0.9,0.9
19.08.2024 00:00:31.772 GMT+0200,0.8670100000000001,0.8664000000000001,0.9,0.9
19.08.2024 00:00:31.926 GMT+0200,0.8668600000000001,0.8664000000000001,0.9,0.9
19.08.2024 00:00:33.286 GMT+0200,0.8668600000000001,0.8663799999999999,0.9,0.45
19.08.2024 00:00:33.389 GMT+0200,0.8668600000000001,0.86639,0.9,0.9
19.08.2024 00:00:33.744 GMT+0200,0.8668600000000001,0.8663700000000001,0.9,0.45
19.08.2024 00:00:33.796 GMT+0200,0.8668600000000001,0.86634,0.9,1.35
19.08.2024 00:00:33.898 GMT+0200,0.8669100000000001,0.86634,0.9,0.45
19.08.2024 00:00:34.000 GMT+0200,0.8669100000000001,0.8663500000000001,0.9,0.45
19.08.2024 00:00:34.052 GMT+0200,0.8668200000000001,0.8663500000000001,0.9,0.45
19.08.2024 00:00:34.155 GMT+0200,0.8668200000000001,0.8663600000000001,0.9,0.9
19.08.2024 00:00:38.479 GMT+0200,0.8668200000000001,0.8663799999999999,0.9,0.45
19.08.2024 00:00:38.984 GMT+0200,0.8668200000000001,0.86649,0.9,0.45
19.08.2024 00:00:39.086 GMT+0200,0.8668200000000001,0.8664700000000001,0.9,0.45
19.08.2024 00:00:39.288 GMT+0200,0.86683,0.8664700000000001,0.9,0.45
19.08.2024 00:00:43.116 GMT+0200,0.86683,0.8664600000000001,0.9,0.45
19.08.2024 00:00:43.622 GMT+0200,0.86683,0.8664700000000001,0.9,0.45
19.08.2024 00:00:47.793 GMT+0200,0.86683,0.8664799999999999,0.9,0.45
19.08.2024 00:00:50.663 GMT+0200,0.86689,0.8664799999999999,0.9,0.45
19.08.2024 00:00:51.017 GMT+0200,0.86694,0.8664700000000001,0.9,0.45
19.08.2024 00:00:51.321 GMT+0200,0.8668600000000001,0.8664799999999999,0.9,0.45
19.08.2024 00:00:53.486 GMT+0200,0.8668600000000001,0.86649,0.9,0.45
19.08.2024 00:00:53.690 GMT+0200,0.86693,0.86649,1.8,0.45
19.08.2024 00:00:53.792 GMT+0200,0.86693,0.8665,0.9,0.45
19.08.2024 00:00:54.196 GMT+0200,0.8669700000000001,0.86649,0.9,0.45
19.08.2024 00:00:55.711 GMT+0200,0.8669600000000001,0.86654,0.9,0.45
19.08.2024 00:00:55.814 GMT+0200,0.8669600000000001,0.8665,0.9,0.45
19.08.2024 00:00:57.323 GMT+0200,0.8669600000000001,0.8665200000000001,0.9,0.45
19.08.2024 00:00:57.927 GMT+0200,0.8668600000000001,0.8665200000000001,0.9,0.45
19.08.2024 00:00:58.030 GMT+0200,0.8668600000000001,0.86649,0.9,0.45
19.08.2024 00:01:00.297 GMT+0200,0.8668600000000001,0.8664799999999999,0.9,0.45
19.08.2024 00:01:01.005 GMT+0200,0.8668600000000001,0.8664700000000001,0.9,0.45
19.08.2024 00:01:01.159 GMT+0200,0.86685,0.8664700000000001,0.9,0.45
19.08.2024 00:01:01.211 GMT+0200,0.86685,0.86645,0.9,0.45
19.08.2024 00:01:01.313 GMT+0200,0.86685,0.86639,0.9,0.45
19.08.2024 00:01:01.415 GMT+0200,0.86684,0.8663799999999999,0.9,0.45
19.08.2024 00:01:01.670 GMT+0200,0.86674,0.86639,0.9,0.45
19.08.2024 00:01:01.773 GMT+0200,0.86685,0.8664299999999999,0.9,0.45
19.08.2024 00:01:01.824 GMT+0200,0.8668100000000001,0.8664000000000001,0.9,0.45
19.08.2024 00:01:01.926 GMT+0200,0.86685,0.8664100000000001,0.9,0.45
19.08.2024 00:01:02.028 GMT+0200,0.86683,0.8664100000000001,0.9,0.45
19.08.2024 00:01:02.834 GMT+0200,0.8668200000000001,0.8664100000000001,0.9,0.45
19.08.2024 00:01:03.138 GMT+0200,0.8668200000000001,0.8664000000000001,0.9,0.45
19.08.2024 00:01:03.390 GMT+0200,0.8668100000000001,0.8664000000000001,0.9,0.45
19.08.2024 00:01:05.957 GMT+0200,0.8668100000000001,0.86639,0.9,0.45
19.08.2024 00:01:06.160 GMT+0200,0.8668100000000001,0.8664000000000001,0.9,0.45
19.08.2024 00:01:07.067 GMT+0200,0.86674,0.86639,0.9,0.45
19.08.2024 00:01:08.279 GMT+0200,0.86674,0.8664100000000001,0.9,0.45
19.08.2024 00:01:08.381 GMT+0200,0.86674,0.8664000000000001,0.9,0.45
19.08.2024 00:01:11.656 GMT+0200,0.86674,0.86639,0.9,0.45
19.08.2024 00:01:12.166 GMT+0200,0.86674,0.8663799999999999,0.9,0.9
19.08.2024 00:01:12.268 GMT+0200,0.86675,0.86639,0.9,0.45
19.08.2024 00:01:12.573 GMT+0200,0.86674,0.86639,0.9,0.45
19.08.2024 00:01:13.079 GMT+0200,0.86674,0.8664200000000001,0.9,0.45
19.08.2024 00:01:13.181 GMT+0200,0.86674,0.8664000000000001,0.9,0.45
19.08.2024 00:01:16.200 GMT+0200,0.86674,0.8663799999999999,0.9,0.9
19.08.2024 00:01:19.471 GMT+0200,0.86674,0.86639,0.9,0.45
19.08.2024 00:01:20.781 GMT+0200,0.86674,0.8664200000000001,0.9,0.45
19.08.2024 00:01:20.985 GMT+0200,0.8668100000000001,0.8664200000000001,0.9,0.45
19.08.2024 00:01:21.087 GMT+0200,0.8668600000000001,0.8664200000000001,0.9,0.45
19.08.2024 00:01:21.291 GMT+0200,0.8668600000000001,0.8664299999999999,0.9,0.45
19.08.2024 00:01:21.545 GMT+0200,0.8667200000000002,0.8664299999999999,0.9,0.45
19.08.2024 00:01:21.597 GMT+0200,0.8667200000000002,0.86639,0.9,0.9
19.08.2024 00:01:21.849 GMT+0200,0.86665,0.8663799999999999,0.9,0.45
19.08.2024 00:01:24.321 GMT+0200,0.86664,0.8663799999999999,0.9,1.35
19.08.2024 00:01:24.930 GMT+0200,0.8666600000000001,0.8664000000000001,0.9,0.9
19.08.2024 00:01:25.642 GMT+0200,0.86668,0.8663799999999999,0.9,0.45
19.08.2024 00:01:27.055 GMT+0200,0.8666600000000001,0.8664000000000001,1.35,0.9
19.08.2024 00:01:27.565 GMT+0200,0.8667200000000002,0.8663799999999999,4.95,0.45
19.08.2024 00:01:27.920 GMT+0200,0.8666700000000002,0.86639,2.25,0.9
19.08.2024 00:01:28.125 GMT+0200,0.8667200000000002,0.8663799999999999,4.95,0.45
19.08.2024 00:01:28.632 GMT+0200,0.86668,0.8663799999999999,0.9,0.4
19.08.2024 00:01:30.606 GMT+0200,0.86668,0.8664100000000001,0.9,0.45
19.08.2024 00:01:30.810 GMT+0200,0.86668,0.86645,0.9,0.45
19.08.2024 00:01:31.623 GMT+0200,0.8666,0.8664100000000001,0.9,0.45
19.08.2024 00:01:31.728 GMT+0200,0.86658,0.86608,0.9,0.45
19.08.2024 00:01:31.831 GMT+0200,0.8666200000000002,0.86604,3.15,0.45
19.08.2024 00:01:31.883 GMT+0200,0.86659,0.86604,0.9,0.45
19.08.2024 00:01:31.987 GMT+0200,0.86655,0.86603,0.9,0.45
19.08.2024 00:01:32.141 GMT+0200,0.86655,0.8660200000000001,0.9,0.45
19.08.2024 00:01:32.445 GMT+0200,0.8665600000000001,0.86605,0.9,0.9
19.08.2024 00:01:32.953 GMT+0200,0.8665700000000001,0.86611,0.9,0.45
19.08.2024 00:01:33.055 GMT+0200,0.8665600000000001,0.86611,0.9,0.45
19.08.2024 00:01:33.159 GMT+0200,0.8665600000000001,0.86608,0.9,1.17
19.08.2024 00:01:33.261 GMT+0200,0.8665600000000001,0.86611,0.9,0.45
19.08.2024 00:01:34.071 GMT+0200,0.8665600000000001,0.86613,0.9,0.45
19.08.2024 00:01:34.174 GMT+0200,0.86655,0.86611,0.9,0.45
19.08.2024 00:01:34.275 GMT+0200,0.8665600000000001,0.86608,0.9,0.45
19.08.2024 00:01:34.528 GMT+0200,0.8665600000000001,0.86609,0.9,0.45
19.08.2024 00:01:35.084 GMT+0200,0.8666,0.86611,0.9,0.9
19.08.2024 00:01:37.304 GMT+0200,0.8666,0.86614,0.9,0.45
19.08.2024 00:01:37.405 GMT+0200,0.8666100000000001,0.8661000000000001,0.9,1.35
19.08.2024 00:01:38.313 GMT+0200,0.8663200000000001,0.86611,0.9,1.35
19.08.2024 00:01:38.415 GMT+0200,0.8663700000000001,0.86616,0.9,0.45
19.08.2024 00:01:38.468 GMT+0200,0.8664000000000001,0.86616,0.9,0.45
19.08.2024 00:01:38.521 GMT+0200,0.86639,0.86621,0.9,0.9
19.08.2024 00:01:38.574 GMT+0200,0.8664799999999999,0.8662700000000001,0.9,0.9
19.08.2024 00:01:38.626 GMT+0200,0.8664799999999999,0.86629,0.9,0.45
19.08.2024 00:01:38.678 GMT+0200,0.8665200000000001,0.86626,1.35,0.9
19.08.2024 00:01:38.730 GMT+0200,0.86653,0.86631,0.9,0.45
19.08.2024 00:01:38.833 GMT+0200,0.8665200000000001,0.86631,1.35,0.45
19.08.2024 00:01:39.138 GMT+0200,0.8665200000000001,0.8663000000000001,1.35,0.45
19.08.2024 00:01:39.697 GMT+0200,0.8665100000000001,0.8663000000000001,0.45,0.45
19.08.2024 00:01:39.801 GMT+0200,0.8665200000000001,0.86631,0.9,0.45
19.08.2024 00:01:43.379 GMT+0200,0.8665200000000001,0.8663200000000001,0.9,0.45
19.08.2024 00:01:45.046 GMT+0200,0.8665200000000001,0.8663500000000001,0.9,0.9
19.08.2024 00:01:45.099 GMT+0200,0.8665600000000001,0.86634,1.35,1.35
19.08.2024 00:01:45.253 GMT+0200,0.86658,0.8663500000000001,1.35,0.9
19.08.2024 00:01:45.305 GMT+0200,0.8665600000000001,0.8663600000000001,0.9,0.45
19.08.2024 00:01:45.408 GMT+0200,0.8665600000000001,0.8663700000000001,0.9,0.9
19.08.2024 00:01:47.427 GMT+0200,0.8665700000000001,0.8663700000000001,0.9,0.9
19.08.2024 00:01:49.542 GMT+0200,0.8666,0.8663299999999999,1.35,0.45
19.08.2024 00:01:49.845 GMT+0200,0.86658,0.8663700000000001,0.9,0.9
19.08.2024 00:01:50.971 GMT+0200,0.86659,0.8663700000000001,2.25,0.9
19.08.2024 00:01:51.178 GMT+0200,0.86655,0.8663700000000001,0.45,1.35
19.08.2024 00:01:51.282 GMT+0200,0.86659,0.8663700000000001,1.35,1.35
19.08.2024 00:01:51.488 GMT+0200,0.8665700000000001,0.8663700000000001,0.45,1.35
19.08.2024 00:01:51.540 GMT+0200,0.86659,0.8663700000000001,0.9,0.45
19.08.2024 00:01:51.592 GMT+0200,0.86659,0.86634,0.9,1.35
19.08.2024 00:01:51.694 GMT+0200,0.86659,0.8663700000000001,0.9,1.35
19.08.2024 00:01:51.798 GMT+0200,0.86659,0.86634,0.9,1.35
19.08.2024 00:01:51.899 GMT+0200,0.86659,0.8663600000000001,0.9,0.45
19.08.2024 00:01:52.002 GMT+0200,0.86659,0.8663700000000001,0.9,0.45
19.08.2024 00:01:52.107 GMT+0200,0.86659,0.8663799999999999,0.9,0.45
19.08.2024 00:01:52.616 GMT+0200,0.86659,0.8664100000000001,0.9,0.9
19.08.2024 00:01:52.773 GMT+0200,0.86659,0.8664000000000001,0.9,0.9
19.08.2024 00:01:53.082 GMT+0200,0.86659,0.8664100000000001,0.9,0.9
19.08.2024 00:01:53.186 GMT+0200,0.86659,0.86639,0.9,0.45
19.08.2024 00:01:53.290 GMT+0200,0.86659,0.8663700000000001,0.9,0.9
19.08.2024 00:01:53.394 GMT+0200,0.86659,0.8663799999999999,0.9,1.35
19.08.2024 00:01:53.496 GMT+0200,0.86659,0.86639,0.9,0.45
19.08.2024 00:01:53.701 GMT+0200,0.86659,0.8663600000000001,0.9,0.45
19.08.2024 00:01:53.804 GMT+0200,0.86659,0.8663700000000001,0.9,0.45
19.08.2024 00:01:54.008 GMT+0200,0.86659,0.8663600000000001,0.9,0.45
19.08.2024 00:01:54.111 GMT+0200,0.86659,0.8663500000000001,0.9,0.45
19.08.2024 00:01:54.820 GMT+0200,0.86659,0.8663600000000001,0.9,0.45
19.08.2024 00:01:55.226 GMT+0200,0.86659,0.8663700000000001,0.9,0.45
19.08.2024 00:01:56.338 GMT+0200,0.86659,0.8663600000000001,0.9,0.45
19.08.2024 00:01:56.541 GMT+0200,0.86659,0.8663700000000001,0.9,0.45
19.08.2024 00:01:56.945 GMT+0200,0.86659,0.8663500000000001,0.9,0.45
19.08.2024 00:01:57.151 GMT+0200,0.86659,0.8663700000000001,0.9,0.45
19.08.2024 00:01:57.557 GMT+0200,0.86659,0.8663500000000001,0.9,0.45
19.08.2024 00:01:57.660 GMT+0200,0.86659,0.8663700000000001,0.9,0.45
19.08.2024 00:01:58.468 GMT+0200,0.86659,0.8663600000000001,0.9,0.45
19.08.2024 00:01:58.570 GMT+0200,0.86659,0.8663500000000001,0.9,0.45
19.08.2024 00:02:00.583 GMT+0200,0.86659,0.8663700000000001,0.9,0.45
19.08.2024 00:02:01.036 GMT+0200,0.86659,0.86639,0.9,0.9
19.08.2024 00:02:01.995 GMT+0200,0.86659,0.8664000000000001,0.9,0.9
19.08.2024 00:02:02.199 GMT+0200,0.8666,0.8663500000000001,0.9,0.45
19.08.2024 00:02:03.412 GMT+0200,0.86659,0.8663700000000001,0.9,0.45
19.08.2024 00:02:03.464 GMT+0200,0.86659,0.8664100000000001,1.35,0.9
19.08.2024 00:02:03.722 GMT+0200,0.86663,0.8664299999999999,3.15,0.9
19.08.2024 00:02:03.774 GMT+0200,0.86663,0.8664100000000001,0.9,1.35
19.08.2024 00:02:04.030 GMT+0200,0.86659,0.8664100000000001,0.9,1.35
19.08.2024 00:02:04.134 GMT+0200,0.86659,0.8663799999999999,0.9,0.27
19.08.2024 00:02:04.185 GMT+0200,0.86659,0.8663600000000001,0.9,0.9
19.08.2024 00:02:04.339 GMT+0200,0.8666,0.86639,0.9,0.9
19.08.2024 00:02:04.594 GMT+0200,0.86659,0.8663700000000001,0.9,0.9
19.08.2024 00:02:04.748 GMT+0200,0.8665700000000001,0.8663700000000001,0.9,0.27
19.08.2024 00:02:04.851 GMT+0200,0.8665600000000001,0.8663500000000001,0.9,1.17
19.08.2024 00:02:05.107 GMT+0200,0.8665600000000001,0.8663799999999999,0.9,0.9
19.08.2024 00:02:05.710 GMT+0200,0.86658,0.8663700000000001,0.45,0.9
19.08.2024 00:02:05.862 GMT+0200,0.8665600000000001,0.8663799999999999,0.9,0.9
19.08.2024 00:02:06.066 GMT+0200,0.8665700000000001,0.8663799999999999,1.35,0.9
19.08.2024 00:02:06.522 GMT+0200,0.8665700000000001,0.8663500000000001,0.45,1.35
19.08.2024 00:02:06.724 GMT+0200,0.8665700000000001,0.8663600000000001,0.45,0.72
19.08.2024 00:02:06.977 GMT+0200,0.8665700000000001,0.8663799999999999,0.45,0.9
19.08.2024 00:02:08.595 GMT+0200,0.86658,0.8663799999999999,0.9,0.9
19.08.2024 00:02:09.202 GMT+0200,0.86659,0.86639,0.45,0.9
19.08.2024 00:02:09.508 GMT+0200,0.86659,0.8663600000000001,1.35,0.9
19.08.2024 00:02:09.713 GMT+0200,0.86659,0.8663700000000001,1.35,0.9
19.08.2024 00:02:09.966 GMT+0200,0.86659,0.8663799999999999,1.35,0.9
19.08.2024 00:02:10.019 GMT+0200,0.86663,0.8664000000000001,1.35,0.9
19.08.2024 00:02:10.072 GMT+0200,0.86664,0.8663700000000001,1.35,1.35
19.08.2024 00:02:11.133 GMT+0200,0.86663,0.86639,0.9,0.45
19.08.2024 00:02:15.362 GMT+0200,0.86663,0.8664000000000001,0.9,0.9
19.08.2024 00:02:15.464 GMT+0200,0.86663,0.8664100000000001,0.9,0.9
19.08.2024 00:02:15.868 GMT+0200,0.86663,0.8664000000000001,0.9,1.35
19.08.2024 00:02:16.074 GMT+0200,0.86663,0.8664100000000001,0.9,0.9
19.08.2024 00:02:16.277 GMT+0200,0.86663,0.8664000000000001,0.9,1.35
19.08.2024 00:02:16.529 GMT+0200,0.86663,0.8664100000000001,0.9,0.9
19.08.2024 00:02:16.681 GMT+0200,0.86663,0.8664000000000001,0.9,1.35
19.08.2024 00:02:16.784 GMT+0200,0.86663,0.8664100000000001,0.9,0.9
19.08.2024 00:02:17.087 GMT+0200,0.86663,0.8664000000000001,0.9,1.35
19.08.2024 00:02:31.774 GMT+0200,0.86663,0.86639,0.9,0.9
19.08.2024 00:02:35.243 GMT+0200,0.8666700000000002,0.8664799999999999,1.8,0.9
19.08.2024 00:02:35.347 GMT+0200,0.86669,0.8665100000000001,0.9,0.9
19.08.2024 00:02:35.399 GMT+0200,0.86674,0.8665100000000001,1.35,0.9
19.08.2024 00:02:35.552 GMT+0200,0.86674,0.8665,1.35,1.8
19.08.2024 00:02:36.111 GMT+0200,0.86674,0.86654,0.9,0.9
19.08.2024 00:02:36.418 GMT+0200,0.8667700000000002,0.8665600000000001,0.9,0.9
19.08.2024 00:02:36.520 GMT+0200,0.8667700000000002,0.86655,0.9,0.9
19.08.2024 00:02:36.622 GMT+0200,0.8667900000000001,0.86655,1.35,0.9
19.08.2024 00:02:36.978 GMT+0200,0.8667700000000002,0.8665700000000001,0.45,0.9
19.08.2024 00:02:37.132 GMT+0200,0.86678,0.8665700000000001,0.9,0.9
19.08.2024 00:02:37.235 GMT+0200,0.86678,0.8665600000000001,0.9,0.9
19.08.2024 00:02:37.691 GMT+0200,0.86678,0.86655,0.9,1.8
19.08.2024 00:02:38.446 GMT+0200,0.8667900000000001,0.86655,0.9,0.9
19.08.2024 00:02:38.498 GMT+0200,0.86675,0.86655,0.45,1.8
19.08.2024 00:02:40.717 GMT+0200,0.86675,0.8665600000000001,0.45,0.9
19.08.2024 00:02:42.530 GMT+0200,0.86678,0.8665700000000001,1.8,0.9
19.08.2024 00:02:42.583 GMT+0200,0.86683,0.86663,4.5,0.9
19.08.2024 00:02:42.635 GMT+0200,0.86683,0.8666100000000001,4.05,0.9
19.08.2024 00:02:42.739 GMT+0200,0.86684,0.8666,0.72,0.45
19.08.2024 00:02:42.843 GMT+0200,0.8669,0.8666,1.35,1.8
19.08.2024 00:02:43.197 GMT+0200,0.86689,0.86664,1.35,0.9
19.08.2024 00:02:43.450 GMT+0200,0.8668600000000001,0.86664,0.9,0.9
19.08.2024 00:02:43.552 GMT+0200,0.8668600000000001,0.86663,0.9,0.9
19.08.2024 00:02:46.884 GMT+0200,0.8668700000000001,0.86663,0.9,0.9
19.08.2024 00:02:47.693 GMT+0200,0.8668600000000001,0.86665,0.9,0.9
19.08.2024 00:02:47.845 GMT+0200,0.8668600000000001,0.86664,0.9,1.8
19.08.2024 00:02:54.238 GMT+0200,0.8668700000000001,0.86664,0.9,0.9
19.08.2024 00:02:54.842 GMT+0200,0.8668600000000001,0.86664,0.9,1.8
19.08.2024 00:02:55.094 GMT+0200,0.8668700000000001,0.86664,0.9,0.9
19.08.2024 00:02:55.850 GMT+0200,0.86688,0.86665,0.72,2.25
19.08.2024 00:02:56.204 GMT+0200,0.8669,0.86664,1.35,2.25
19.08.2024 00:03:03.346 GMT+0200,0.8669,0.86668,0.9,0.9
19.08.2024 00:03:03.399 GMT+0200,0.8669,0.8666700000000002,0.9,0.9
19.08.2024 00:03:03.553 GMT+0200,0.8669,0.86668,0.9,0.9
19.08.2024 00:03:03.655 GMT+0200,0.8669,0.8667200000000002,0.9,0.9
19.08.2024 00:03:04.130 GMT+0200,0.86688,0.8667200000000002,0.9,1.35
19.08.2024 00:03:04.587 GMT+0200,0.8669,0.8667200000000002,0.9,0.9
19.08.2024 00:03:10.625 GMT+0200,0.8669,0.86673,0.9,0.9
19.08.2024 00:03:21.433 GMT+0200,0.8669100000000001,0.86673,0.9,1.8
19.08.2024 00:03:21.890 GMT+0200,0.86689,0.8667200000000002,0.9,0.9
19.08.2024 00:03:26.768 GMT+0200,0.8669100000000001,0.8667200000000002,0.9,0.9
19.08.2024 00:03:31.044 GMT+0200,0.8669,0.8667200000000002,0.9,2.7
19.08.2024 00:03:35.373 GMT+0200,0.86688,0.8667200000000002,0.9,1.35
19.08.2024 00:03:35.425 GMT+0200,0.8669,0.8667200000000002,0.9,1.35
19.08.2024 00:03:52.747 GMT+0200,0.86693,0.8667700000000002,1.35,0.9
19.08.2024 00:03:52.800 GMT+0200,0.8669700000000001,0.8667900000000001,3.6,0.9
19.08.2024 00:03:52.954 GMT+0200,0.86699,0.8667900000000001,0.9,0.9
19.08.2024 00:03:53.208 GMT+0200,0.86699,0.8668,0.9,0.9
19.08.2024 00:03:53.259 GMT+0200,0.8669700000000001,0.8668,0.9,0.9
19.08.2024 00:03:54.570 GMT+0200,0.8670100000000001,0.8668,0.9,0.9
19.08.2024 00:03:54.622 GMT+0200,0.86699,0.8668,0.9,0.9
19.08.2024 00:03:55.077 GMT+0200,0.8669700000000001,0.8668,0.9,0.9
19.08.2024 00:03:56.589 GMT+0200,0.8670100000000001,0.8668,0.9,0.9
19.08.2024 00:04:04.792 GMT+0200,0.86699,0.8668,1.2,1.2
19.08.2024 00:04:04.844 GMT+0200,0.8670100000000001,0.8668,1.2,1.2
19.08.2024 00:04:06.305 GMT+0200,0.86699,0.8668,1.2,1.2
19.08.2024 00:04:06.660 GMT+0200,0.8670100000000001,0.8668,1.2,1.2
19.08.2024 00:04:12.543 GMT+0200,0.8670200000000001,0.8668,1.2,1.2
19.08.2024 00:04:13.100 GMT+0200,0.8670200000000001,0.8668100000000001,1.2,2.25
19.08.2024 00:04:17.783 GMT+0200,0.86703,0.8668100000000001,1.2,1.35
19.08.2024 00:04:17.988 GMT+0200,0.86703,0.8668200000000001,1.2,1.2
19.08.2024 00:04:20.422 GMT+0200,0.86703,0.8668100000000001,1.2,1.35
19.08.2024 00:04:28.765 GMT+0200,0.8670200000000001,0.8668100000000001,1.2,1.2
19.08.2024 00:04:39.677 GMT+0200,0.8670100000000001,0.8668100000000001,1.2,1.2
19.08.2024 00:04:40.281 GMT+0200,0.86699,0.8668100000000001,1.2,1.2
19.08.2024 00:04:42.597 GMT+0200,0.86693,0.8668,1.2,1.2
19.08.2024 00:04:42.649 GMT+0200,0.86694,0.86674,1.2,1.2
19.08.2024 00:04:42.752 GMT+0200,0.86694,0.8667100000000001,1.2,1.2
19.08.2024 00:04:45.274 GMT+0200,0.8669100000000001,0.8667100000000001,1.2,1.2
19.08.2024 00:04:45.629 GMT+0200,0.8669100000000001,0.8667,1.2,1.2
19.08.2024 00:04:46.687 GMT+0200,0.86693,0.8667,1.2,1.2
19.08.2024 00:04:47.193 GMT+0200,0.86693,0.8667200000000002,1.2,1.2
19.08.2024 00:04:47.447 GMT+0200,0.86693,0.86674,1.2,1.2
19.08.2024 00:04:47.852 GMT+0200,0.8669600000000001,0.86674,1.2,1.2
19.08.2024 00:04:48.912 GMT+0200,0.8669600000000001,0.86675,1.2,1.2
19.08.2024 00:04:55.908 GMT+0200,0.8669700000000001,0.8668,1.2,1.2
19.08.2024 00:04:56.566 GMT+0200,0.86695,0.8668,1.2,1.2
19.08.2024 00:04:57.100 GMT+0200,0.86694,0.86673,1.2,1.8
19.08.2024 00:04:58.060 GMT+0200,0.86685,0.86673,1.2,1.2
19.08.2024 00:04:58.113 GMT+0200,0.86685,0.86665,1.2,1.8
19.08.2024 00:04:58.165 GMT+0200,0.86685,0.86665,1.2,1.2
19.08.2024 00:04:58.369 GMT+0200,0.86685,0.86663,1.2,1.2
19.08.2024 00:04:59.328 GMT+0200,0.86684,0.86663,1.2,1.2
19.08.2024 00:04:59.381 GMT+0200,0.8668200000000001,0.8666100000000001,1.2,2.25
19.08.2024 00:04:59.841 GMT+0200,0.8668200000000001,0.86665,1.2,1.35
19.08.2024 00:05:00.146 GMT+0200,0.8668200000000001,0.8666200000000002,1.2,1.2
19.08.2024 00:05:00.451 GMT+0200,0.86683,0.8666200000000002,1.2,1.2
19.08.2024 00:05:00.810 GMT+0200,0.86683,0.8666100000000001,1.2,1.35
19.08.2024 00:05:03.580 GMT+0200,0.8668,0.8666100000000001,1.2,1.35
19.08.2024 00:05:05.949 GMT+0200,0.8668,0.8666,1.2,1.2
19.08.2024 00:05:07.163 GMT+0200,0.8668,0.86663,1.2,1.2
19.08.2024 00:05:08.019 GMT+0200,0.86678,0.8666,1.2,1.35
19.08.2024 00:05:08.070 GMT+0200,0.8668,0.8666,1.2,1.35
19.08.2024 00:05:08.375 GMT+0200,0.8668,0.8666100000000001,1.2,1.35
19.08.2024 00:05:13.050 GMT+0200,0.8667600000000001,0.8666100000000001,1.2,1.2
19.08.2024 00:05:13.102 GMT+0200,0.8667600000000001,0.86658,1.2,1.35
19.08.2024 00:05:17.080 GMT+0200,0.86675,0.86658,1.2,1.2
19.08.2024 00:05:22.063 GMT+0200,0.8667700000000002,0.86658,1.2,1.2
19.08.2024 00:05:22.115 GMT+0200,0.86675,0.86658,1.2,1.2
19.08.2024 00:05:24.679 GMT+0200,0.8667600000000001,0.86658,1.2,1.35
19.08.2024 00:05:26.995 GMT+0200,0.8667900000000001,0.86658,1.2,1.35
19.08.2024 00:05:27.097 GMT+0200,0.8668100000000001,0.86658,1.17,1.35
19.08.2024 00:05:27.200 GMT+0200,0.8668200000000001,0.86658,2.67,1.2
19.08.2024 00:05:29.516 GMT+0200,0.8668200000000001,0.86658,2.67,1.2
19.08.2024 00:05:31.690 GMT+0200,0.8668200000000001,0.86658,2.7,1.2
19.08.2024 00:06:00.268 GMT+0200,0.8668200000000001,0.86659,1.35,1.2
19.08.2024 00:06:05.042 GMT+0200,0.86674,0.8665600000000001,1.2,1.2
19.08.2024 00:06:09.197 GMT+0200,0.8668100000000001,0.86659,1.2,1.2
19.08.2024 00:06:09.301 GMT+0200,0.8668200000000001,0.86658,1.2,1.35
19.08.2024 00:06:09.503 GMT+0200,0.8668200000000001,0.86659,1.2,1.35
19.08.2024 00:06:41.966 GMT+0200,0.8669,0.86665,2.16,1.2
19.08.2024 00:06:42.069 GMT+0200,0.8669100000000001,0.86664,1.2,1.2
19.08.2024 00:06:42.172 GMT+0200,0.86693,0.86665,4.02,1.2
19.08.2024 00:06:42.224 GMT+0200,0.86693,0.8666700000000002,3.3,1.2
19.08.2024 00:07:06.634 GMT+0200,0.86694,0.8666600000000001,2.4,1.2
19.08.2024 00:07:07.791 GMT+0200,0.86693,0.86668,1.8,1.2
19.08.2024 00:07:16.985 GMT+0200,0.8669200000000001,0.8666700000000002,1.35,1.2
19.08.2024 00:07:17.189 GMT+0200,0.8669100000000001,0.8667100000000001,1.2,1.2
19.08.2024 00:07:17.645 GMT+0200,0.8669200000000001,0.86668,1.2,1.2
19.08.2024 00:07:38.372 GMT+0200,0.86689,0.86668,1.2,1.2
19.08.2024 00:07:38.474 GMT+0200,0.86688,0.86668,1.35,1.2
19.08.2024 00:07:41.042 GMT+0200,0.8668600000000001,0.86668,1.2,1.2
19.08.2024 00:07:41.547 GMT+0200,0.8668600000000001,0.8666700000000002,1.35,1.2
19.08.2024 00:07:42.657 GMT+0200,0.8668600000000001,0.8666700000000002,1.8,1.2
19.08.2024 00:07:51.454 GMT+0200,0.86688,0.8666600000000001,1.2,1.2
19.08.2024 00:07:51.909 GMT+0200,0.8668700000000001,0.86668,1.2,1.2
19.08.2024 00:07:57.641 GMT+0200,0.86688,0.8666600000000001,1.2,1.35
19.08.2024 00:07:57.946 GMT+0200,0.8668700000000001,0.86669,1.2,1.35
19.08.2024 00:08:46.729 GMT+0200,0.8669,0.8667100000000001,1.2,1.2
19.08.2024 00:08:54.072 GMT+0200,0.8669,0.8667,1.2,1.2
19.08.2024 00:08:58.291 GMT+0200,0.8669,0.8667100000000001,1.2,1.2
19.08.2024 00:09:07.131 GMT+0200,0.8669,0.8667,1.2,1.2
19.08.2024 00:09:13.611 GMT+0200,0.8669100000000001,0.8667,1.2,1.2
19.08.2024 00:09:13.714 GMT+0200,0.8669,0.8667,1.2,1.2
19.08.2024 00:09:25.619 GMT+0200,0.86689,0.8667,1.2,1.2
19.08.2024 00:09:26.426 GMT+0200,0.86689,0.86669,1.2,1.2
19.08.2024 00:10:04.585 GMT+0200,0.86689,0.8667,1.2,1.2
19.08.2024 00:10:28.856 GMT+0200,0.86688,0.8667,1.2,1.2
19.08.2024 00:10:29.059 GMT+0200,0.86688,0.86669,1.2,1.2
19.08.2024 00:10:46.742 GMT+0200,0.86688,0.8667,1.2,1.2
19.08.2024 00:10:47.999 GMT+0200,0.86689,0.86668,1.2,1.2
19.08.2024 00:10:49.457 GMT+0200,0.86688,0.8667,1.2,1.2
19.08.2024 00:10:51.818 GMT+0200,0.86688,0.86669,1.2,1.2
19.08.2024 00:10:58.752 GMT+0200,0.86689,0.8667100000000001,1.2,1.2
19.08.2024 00:11:22.832 GMT+0200,0.86688,0.8667100000000001,1.2,1.2
19.08.2024 00:11:30.472 GMT+0200,0.86689,0.8667100000000001,1.2,1.2
19.08.2024 00:11:30.677 GMT+0200,0.86689,0.8667200000000002,1.2,1.2
19.08.2024 00:11:33.299 GMT+0200,0.86689,0.8667100000000001,1.2,1.2
19.08.2024 00:11:33.952 GMT+0200,0.86689,0.8667200000000002,1.2,1.2
19.08.2024 00:11:34.859 GMT+0200,0.8669,0.8667,1.2,1.2
19.08.2024 00:11:35.363 GMT+0200,0.86689,0.8667200000000002,1.2,1.2
19.08.2024 00:11:41.694 GMT+0200,0.8669,0.8667,1.2,1.2
19.08.2024 00:11:54.716 GMT+0200,0.8669200000000001,0.8667100000000001,1.2,3.3
19.08.2024 00:11:54.819 GMT+0200,0.8669200000000001,0.86673,1.2,1.35
19.08.2024 00:11:55.023 GMT+0200,0.8669200000000001,0.86673,1.2,1.8
19.08.2024 00:11:55.328 GMT+0200,0.8669200000000001,0.8667600000000001,1.2,1.2
19.08.2024 00:12:00.510 GMT+0200,0.86693,0.86674,1.2,1.2
19.08.2024 00:12:11.120 GMT+0200,0.8669200000000001,0.8667600000000001,1.2,1.2
19.08.2024 00:12:12.483 GMT+0200,0.8669200000000001,0.86675,1.2,1.2
19.08.2024 00:12:20.225 GMT+0200,0.8669200000000001,0.8667600000000001,1.2,1.2
19.08.2024 00:12:27.612 GMT+0200,0.8669200000000001,0.86675,1.2,1.35
19.08.2024 00:12:28.569 GMT+0200,0.8669200000000001,0.8667600000000001,1.2,1.2
19.08.2024 00:12:29.126 GMT+0200,0.8669200000000001,0.86675,1.2,1.35
19.08.2024 00:12:31.494 GMT+0200,0.8669200000000001,0.8667600000000001,1.2,1.2
19.08.2024 00:12:33.007 GMT+0200,0.8669200000000001,0.86675,1.2,1.35
19.08.2024 00:12:36.625 GMT+0200,0.8669200000000001,0.8667600000000001,1.2,1.2
19.08.2024 00:12:40.397 GMT+0200,0.8669200000000001,0.86675,1.2,1.35
19.08.2024 00:12:40.750 GMT+0200,0.86693,0.8667600000000001,1.2,1.2
19.08.2024 00:12:44.124 GMT+0200,0.8669200000000001,0.8667600000000001,1.2,1.2
19.08.2024 00:12:48.754 GMT+0200,0.8669100000000001,0.8667600000000001,1.2,1.2
19.08.2024 00:12:49.713 GMT+0200,0.8669100000000001,0.86674,1.2,1.2
19.08.2024 00:12:50.621 GMT+0200,0.8669200000000001,0.86675,1.2,1.2
19.08.2024 00:13:07.711 GMT+0200,0.86688,0.86675,1.2,1.2
19.08.2024 00:13:07.764 GMT+0200,0.8669100000000001,0.86674,1.2,1.35
19.08.2024 00:13:08.172 GMT+0200,0.8669100000000001,0.86675,1.2,1.2
19.08.2024 00:13:11.293 GMT+0200,0.86694,0.8667700000000002,1.2,1.2
19.08.2024 00:13:31.328 GMT+0200,0.86693,0.8667700000000002,1.2,1.2
19.08.2024 00:13:31.784 GMT+0200,0.86693,0.86674,1.2,1.2
19.08.2024 00:13:32.291 GMT+0200,0.86694,0.86674,1.2,1.2
19.08.2024 00:13:35.065 GMT+0200,0.86694,0.86678,1.2,1.2
19.08.2024 00:14:00.031 GMT+0200,0.86694,0.8667700000000002,1.2,1.2
19.08.2024 00:14:00.886 GMT+0200,0.86695,0.8667700000000002,1.2,1.35
19.08.2024 00:14:12.905 GMT+0200,0.86694,0.8667700000000002,1.2,1.2
19.08.2024 00:14:20.394 GMT+0200,0.86695,0.8667700000000002,1.2,1.2
19.08.2024 00:14:48.185 GMT+0200,0.86695,0.8668100000000001,1.2,1.2
19.08.2024 00:14:48.288 GMT+0200,0.86694,0.8668,1.2,1.2
19.08.2024 00:14:49.046 GMT+0200,0.86694,0.8667700000000002,1.2,1.2
19.08.2024 00:14:50.158 GMT+0200,0.86694,0.86678,1.2,1.2
19.08.2024 00:14:58.600 GMT+0200,0.8669600000000001,0.86678,1.2,1.2
19.08.2024 00:14:58.856 GMT+0200,0.8669600000000001,0.8668,1.2,1.35
19.08.2024 00:14:59.213 GMT+0200,0.8669600000000001,0.8668100000000001,1.2,1.2
19.08.2024 00:14:59.573 GMT+0200,0.8669700000000001,0.8667900000000001,1.2,1.2
19.08.2024 00:15:03.808 GMT+0200,0.86695,0.8668,1.2,1.2
19.08.2024 00:15:03.960 GMT+0200,0.86695,0.8667900000000001,1.2,1.2
19.08.2024 00:15:05.418 GMT+0200,0.86695,0.8668,1.2,1.2
19.08.2024 00:15:06.224 GMT+0200,0.86695,0.8667900000000001,1.2,1.2
19.08.2024 00:15:10.501 GMT+0200,0.86695,0.8668,1.2,1.2
19.08.2024 00:15:15.081 GMT+0200,0.8669600000000001,0.86678,1.2,1.2
19.08.2024 00:15:16.191 GMT+0200,0.86695,0.86678,1.2,1.2
19.08.2024 00:15:17.397 GMT+0200,0.86695,0.8667900000000001,1.2,1.2
19.08.2024 00:15:19.063 GMT+0200,0.8669600000000001,0.8667900000000001,1.2,1.2
19.08.2024 00:15:29.051 GMT+0200,0.8669700000000001,0.8668100000000001,1.2,1.2
19.08.2024 00:15:29.158 GMT+0200,0.8669600000000001,0.8668100000000001,1.2,1.2
19.08.2024 00:15:29.314 GMT+0200,0.8669600000000001,0.8667900000000001,1.2,1.2
19.08.2024 00:15:29.624 GMT+0200,0.8669600000000001,0.8668,1.2,1.2
19.08.2024 00:15:31.489 GMT+0200,0.8669700000000001,0.86678,1.2,1.2
19.08.2024 00:15:36.523 GMT+0200,0.8669600000000001,0.86678,1.2,1.2
19.08.2024 00:15:37.230 GMT+0200,0.8669600000000001,0.8667900000000001,1.2,1.2
19.08.2024 00:15:37.333 GMT+0200,0.8669600000000001,0.8668,1.2,1.2
19.08.2024 00:15:39.361 GMT+0200,0.86695,0.8668,1.2,1.2
19.08.2024 00:15:40.018 GMT+0200,0.8669600000000001,0.86678,1.2,1.2
19.08.2024 00:15:40.578 GMT+0200,0.86695,0.86678,1.2,1.2
19.08.2024 00:15:47.982 GMT+0200,0.86695,0.8667900000000001,1.2,1.2
19.08.2024 00:15:48.286 GMT+0200,0.86695,0.86678,1.2,1.2
19.08.2024 00:15:49.444 GMT+0200,0.86695,0.8667900000000001,1.2,1.2
19.08.2024 00:15:49.799 GMT+0200,0.8669600000000001,0.8667700000000002,1.2,1.2
19.08.2024 00:15:51.611 GMT+0200,0.86695,0.8667900000000001,1.2,1.2
19.08.2024 00:16:01.275 GMT+0200,0.8669700000000001,0.8667900000000001,1.2,1.2
19.08.2024 00:16:02.086 GMT+0200,0.8669700000000001,0.8668100000000001,1.2,1.2
19.08.2024 00:16:03.347 GMT+0200,0.8669700000000001,0.8668,1.2,1.2
19.08.2024 00:16:03.550 GMT+0200,0.8669600000000001,0.8668,1.2,1.2
19.08.2024 00:16:06.772 GMT+0200,0.86698,0.8668,1.2,1.2
19.08.2024 00:16:07.080 GMT+0200,0.8669700000000001,0.8668,1.2,1.35
19.08.2024 00:16:07.437 GMT+0200,0.8669700000000001,0.86683,1.2,1.2
19.08.2024 00:16:09.509 GMT+0200,0.8669700000000001,0.8668200000000001,1.2,1.35
19.08.2024 00:16:09.764 GMT+0200,0.86698,0.86684,1.2,1.2
19.08.2024 00:16:11.384 GMT+0200,0.86698,0.8668200000000001,1.2,1.35
19.08.2024 00:16:12.952 GMT+0200,0.86698,0.86683,1.2,1.35
19.08.2024 00:16:13.558 GMT+0200,0.86698,0.86684,1.2,1.2
19.08.2024 00:16:19.191 GMT+0200,0.86698,0.8668200000000001,1.2,1.35
19.08.2024 00:16:19.848 GMT+0200,0.8670200000000001,0.8668200000000001,1.2,2.7
19.08.2024 00:16:19.901 GMT+0200,0.86705,0.86685,1.35,1.35
19.08.2024 00:16:20.005 GMT+0200,0.86706,0.8668600000000001,1.2,1.35
19.08.2024 00:16:20.414 GMT+0200,0.86705,0.86688,1.2,1.2
19.08.2024 00:16:22.335 GMT+0200,0.86703,0.86688,1.2,1.35
19.08.2024 00:16:23.901 GMT+0200,0.86703,0.8668700000000001,1.2,1.35
19.08.2024 00:16:25.161 GMT+0200,0.86703,0.86688,1.2,1.2
19.08.2024 00:16:25.822 GMT+0200,0.86703,0.8668700000000001,1.2,1.2
19.08.2024 00:16:28.246 GMT+0200,0.86703,0.86688,1.2,1.2
19.08.2024 00:16:28.399 GMT+0200,0.86704,0.86688,1.2,1.2
19.08.2024 00:16:29.206 GMT+0200,0.8670200000000001,0.86688,1.2,1.35
19.08.2024 00:16:29.258 GMT+0200,0.8670200000000001,0.8668600000000001,1.2,1.2
19.08.2024 00:16:29.463 GMT+0200,0.86703,0.8668600000000001,1.2,1.35
19.08.2024 00:16:29.770 GMT+0200,0.86703,0.8668700000000001,1.2,1.2
19.08.2024 00:16:31.543 GMT+0200,0.86705,0.8668700000000001,1.2,1.35
19.08.2024 00:16:31.950 GMT+0200,0.86705,0.8669,1.2,1.2
19.08.2024 00:16:32.257 GMT+0200,0.86705,0.86689,1.2,1.35
19.08.2024 00:16:32.410 GMT+0200,0.86706,0.8668700000000001,1.2,1.35
19.08.2024 00:16:32.563 GMT+0200,0.86705,0.8668700000000001,1.2,1.35
19.08.2024 00:16:32.768 GMT+0200,0.86704,0.86689,1.2,1.2
19.08.2024 00:16:32.871 GMT+0200,0.86704,0.86688,1.2,1.2
19.08.2024 00:16:34.133 GMT+0200,0.86705,0.86689,1.2,1.2
19.08.2024 00:16:39.931 GMT+0200,0.86708,0.86689,1.2,1.2
19.08.2024 00:16:40.842 GMT+0200,0.86708,0.8669,1.2,1.35
19.08.2024 00:16:40.895 GMT+0200,0.86708,0.86693,1.2,1.2
19.08.2024 00:16:41.150 GMT+0200,0.86709,0.86689,1.2,1.2
19.08.2024 00:16:42.567 GMT+0200,0.86708,0.8669200000000001,1.2,1.2
19.08.2024 00:16:42.772 GMT+0200,0.86706,0.8669100000000001,1.2,1.2
19.08.2024 00:16:43.078 GMT+0200,0.86706,0.86689,1.2,1.35
19.08.2024 00:16:43.235 GMT+0200,0.8671000000000001,0.86694,1.8,1.2
19.08.2024 00:16:43.339 GMT+0200,0.8671200000000001,0.8669600000000001,1.2,1.2
19.08.2024 00:16:43.494 GMT+0200,0.86711,0.86699,1.2,1.2
19.08.2024 00:16:44.760 GMT+0200,0.86711,0.86698,1.2,1.2
19.08.2024 00:16:49.746 GMT+0200,0.86713,0.86699,1.2,1.2
19.08.2024 00:16:50.051 GMT+0200,0.86713,0.867,1.2,1.35
19.08.2024 00:16:50.154 GMT+0200,0.8671500000000001,0.86699,1.2,1.35
19.08.2024 00:16:51.014 GMT+0200,0.86714,0.86699,1.2,1.2
19.08.2024 00:16:51.318 GMT+0200,0.86713,0.86699,1.2,1.2
19.08.2024 00:16:55.848 GMT+0200,0.86714,0.8670100000000001,1.2,1.2
19.08.2024 00:16:57.311 GMT+0200,0.86714,0.867,1.2,1.35
19.08.2024 00:16:57.415 GMT+0200,0.8671500000000001,0.8670200000000001,1.2,1.2
19.08.2024 00:16:57.519 GMT+0200,0.8671700000000001,0.8670200000000001,1.2,1.2
19.08.2024 00:16:58.480 GMT+0200,0.86716,0.8670200000000001,1.2,1.2
19.08.2024 00:16:58.887 GMT+0200,0.86716,0.8670100000000001,1.2,1.2
19.08.2024 00:17:04.923 GMT+0200,0.86716,0.8670200000000001,1.2,1.2
19.08.2024 00:17:05.126 GMT+0200,0.8671700000000001,0.8670200000000001,1.2,1.2
19.08.2024 00:17:12.986 GMT+0200,0.8671500000000001,0.867,1.2,1.2
19.08.2024 00:17:13.997 GMT+0200,0.86718,0.86703,1.2,1.2
19.08.2024 00:17:14.353 GMT+0200,0.8671700000000001,0.86703,1.2,1.2
19.08.2024 00:17:17.273 GMT+0200,0.8671700000000001,0.8670200000000001,1.2,1.35
19.08.2024 00:17:22.561 GMT+0200,0.8672000000000001,0.86704,1.2,1.2
19.08.2024 00:17:22.613 GMT+0200,0.8672000000000001,0.86706,1.2,1.2
19.08.2024 00:17:23.070 GMT+0200,0.8672000000000001,0.86705,1.2,1.2
19.08.2024 00:17:26.296 GMT+0200,0.8672000000000001,0.86706,1.2,1.2
19.08.2024 00:17:29.065 GMT+0200,0.86721,0.86706,1.2,1.2
19.08.2024 00:17:30.374 GMT+0200,0.8672200000000001,0.86706,1.2,1.8
19.08.2024 00:17:30.479 GMT+0200,0.8672200000000001,0.8671000000000001,1.2,1.2
19.08.2024 00:17:30.531 GMT+0200,0.86721,0.86708,1.2,1.2
19.08.2024 00:17:30.785 GMT+0200,0.86719,0.86708,1.2,1.2
19.08.2024 00:17:30.888 GMT+0200,0.8672000000000001,0.86706,1.2,1.2
19.08.2024 00:17:32.504 GMT+0200,0.86719,0.86706,1.2,1.35
19.08.2024 00:17:34.769 GMT+0200,0.8671700000000001,0.86706,1.2,1.35
19.08.2024 00:17:35.328 GMT+0200,0.86719,0.86706,1.2,1.2
19.08.2024 00:17:36.290 GMT+0200,0.86719,0.8670700000000001,1.2,1.2
19.08.2024 00:17:39.058 GMT+0200,0.86721,0.8670700000000001,1.2,1.2
19.08.2024 00:17:40.419 GMT+0200,0.8672200000000001,0.86709,1.2,1.8
19.08.2024 00:17:40.522 GMT+0200,0.86723,0.86709,1.2,1.2
19.08.2024 00:17:40.676 GMT+0200,0.86723,0.86708,1.2,1.2
19.08.2024 00:17:43.247 GMT+0200,0.86724,0.86711,1.2,1.2
19.08.2024 00:17:57.737 GMT+0200,0.8672200000000001,0.86708,1.2,1.8
19.08.2024 00:17:58.044 GMT+0200,0.86724,0.86711,1.2,1.2
19.08.2024 00:17:59.462 GMT+0200,0.86729,0.86716,1.2,1.2
19.08.2024 00:17:59.667 GMT+0200,0.86729,0.8671500000000001,1.2,1.2
19.08.2024 00:17:59.769 GMT+0200,0.86729,0.86716,1.2,1.2
19.08.2024 00:18:00.680 GMT+0200,0.8673000000000001,0.86714,1.2,1.2
19.08.2024 00:18:01.237 GMT+0200,0.8673200000000001,0.8671700000000001,1.2,1.8
19.08.2024 00:18:01.342 GMT+0200,0.86731,0.8671700000000001,1.2,1.35
19.08.2024 00:18:01.703 GMT+0200,0.8673000000000001,0.8671500000000001,1.2,1.2
19.08.2024 00:18:02.261 GMT+0200,0.86729,0.86714,1.2,1.2
19.08.2024 00:18:02.364 GMT+0200,0.8673000000000001,0.86714,1.2,2.25
19.08.2024 00:18:03.172 GMT+0200,0.8672700000000001,0.8671700000000001,1.2,1.2
19.08.2024 00:18:03.326 GMT+0200,0.86729,0.8671700000000001,1.2,1.2
19.08.2024 00:18:03.378 GMT+0200,0.86729,0.86714,1.2,1.2
19.08.2024 00:18:04.489 GMT+0200,0.86731,0.86713,1.2,1.2
19.08.2024 00:18:05.297 GMT+0200,0.86729,0.8671500000000001,1.2,1.2
19.08.2024 00:18:07.415 GMT+0200,0.8672799999999999,0.8671500000000001,1.2,1.2
19.08.2024 00:18:15.070 GMT+0200,0.86724,0.8671500000000001,1.2,1.2
19.08.2024 00:18:15.122 GMT+0200,0.86724,0.8671200000000001,1.2,1.2
19.08.2024 00:18:15.327 GMT+0200,0.86724,0.8671000000000001,1.2,1.2
19.08.2024 00:18:17.595 GMT+0200,0.86724,0.86711,1.2,1.2
19.08.2024 00:18:18.302 GMT+0200,0.86724,0.8671000000000001,1.2,1.2
19.08.2024 00:18:20.917 GMT+0200,0.86724,0.86711,1.2,1.2
19.08.2024 00:18:21.326 GMT+0200,0.8672500000000001,0.86709,1.2,1.2
19.08.2024 00:18:28.730 GMT+0200,0.86724,0.86711,1.2,1.2
19.08.2024 00:18:30.792 GMT+0200,0.8672500000000001,0.86709,1.2,1.2
19.08.2024 00:18:31.599 GMT+0200,0.8672500000000001,0.8671000000000001,1.2,1.2
19.08.2024 00:18:31.851 GMT+0200,0.86726,0.8671000000000001,1.2,1.8
19.08.2024 00:18:31.905 GMT+0200,0.8672700000000001,0.86713,1.2,1.2
19.08.2024 00:18:32.009 GMT+0200,0.8672799999999999,0.86713,1.2,1.2
19.08.2024 00:18:33.429 GMT+0200,0.8672500000000001,0.86711,1.2,1.35
19.08.2024 00:18:33.784 GMT+0200,0.8672500000000001,0.8671000000000001,1.2,1.2
19.08.2024 00:18:51.011 GMT+0200,0.8672500000000001,0.86711,1.2,1.2
19.08.2024 00:18:51.265 GMT+0200,0.8672500000000001,0.86709,1.2,1.2
19.08.2024 00:18:51.620 GMT+0200,0.8672500000000001,0.8671000000000001,1.2,1.2
19.08.2024 00:18:54.893 GMT+0200,0.8672500000000001,0.86711,1.2,1.2
19.08.2024 00:18:55.497 GMT+0200,0.86726,0.86709,1.2,1.2
19.08.2024 00:18:57.305 GMT+0200,0.8672500000000001,0.86711,1.2,1.2
19.08.2024 00:18:57.608 GMT+0200,0.8672500000000001,0.8671000000000001,1.2,1.2
19.08.2024 00:18:58.213 GMT+0200,0.8672500000000001,0.86711,1.2,1.2
19.08.2024 00:18:59.421 GMT+0200,0.86726,0.86709,1.2,1.2
19.08.2024 00:18:59.988 GMT+0200,0.8672500000000001,0.86711,1.2,1.2
19.08.2024 00:19:00.595 GMT+0200,0.86726,0.86709,1.2,1.2
19.08.2024 00:19:00.897 GMT+0200,0.8672500000000001,0.86711,1.2,1.2
19.08.2024 00:19:01.802 GMT+0200,0.8672500000000001,0.8671000000000001,1.2,1.2
19.08.2024 00:19:02.257 GMT+0200,0.8672700000000001,0.86711,1.2,1.2
19.08.2024 00:19:02.310 GMT+0200,0.86731,0.8671500000000001,1.2,2.25
19.08.2024 00:19:03.121 GMT+0200,0.86731,0.86719,1.2,1.2
19.08.2024 00:19:05.541 GMT+0200,0.86731,0.86716,1.2,1.2
19.08.2024 00:19:07.812 GMT+0200,0.86731,0.86718,1.2,1.2
19.08.2024 00:19:08.167 GMT+0200,0.86731,0.8671700000000001,1.2,1.2
19.08.2024 00:19:08.270 GMT+0200,0.86731,0.86719,1.2,1.2
19.08.2024 00:19:24.580 GMT+0200,0.86731,0.8671700000000001,1.2,1.2
19.08.2024 00:19:28.404 GMT+0200,0.86731,0.86718,1.2,1.2
19.08.2024 00:19:31.070 GMT+0200,0.86731,0.8671700000000001,1.2,1.2
19.08.2024 00:19:31.476 GMT+0200,0.8673200000000001,0.86718,1.2,1.2
19.08.2024 00:19:32.032 GMT+0200,0.86731,0.86718,1.2,1.2
19.08.2024 00:19:32.686 GMT+0200,0.86731,0.86719,1.2,1.2
19.08.2024 00:19:32.940 GMT+0200,0.86734,0.86719,1.2,1.2
19.08.2024 00:19:33.599 GMT+0200,0.8673500000000001,0.8672000000000001,1.2,1.2
19.08.2024 00:19:34.055 GMT+0200,0.8673600000000001,0.86721,1.2,1.2
19.08.2024 00:19:34.410 GMT+0200,0.8673600000000001,0.86723,1.2,1.2
19.08.2024 00:19:35.619 GMT+0200,0.8673600000000001,0.8672200000000001,1.2,1.2
19.08.2024 00:19:36.226 GMT+0200,0.8673600000000001,0.86723,1.2,1.2
19.08.2024 00:19:42.814 GMT+0200,0.8673700000000001,0.86724,1.2,1.2
19.08.2024 00:19:44.286 GMT+0200,0.8674100000000001,0.86726,1.2,1.2
19.08.2024 00:19:45.197 GMT+0200,0.8674000000000001,0.8672500000000001,1.2,1.2
19.08.2024 00:19:47.210 GMT+0200,0.8674000000000001,0.8672500000000001,1.2,1.2
19.08.2024 00:19:47.668 GMT+0200,0.8673700000000001,0.86723,1.2,1.2
19.08.2024 00:19:48.024 GMT+0200,0.8673700000000001,0.8672200000000001,1.2,1.35
19.08.2024 00:19:51.548 GMT+0200,0.8673799999999999,0.8672200000000001,1.2,1.35
19.08.2024 00:19:53.012 GMT+0200,0.86739,0.86726,1.2,1.35
19.08.2024 00:20:00.059 GMT+0200,0.86739,0.86724,1.2,1.2
19.08.2024 00:20:00.415 GMT+0200,0.86739,0.86726,1.2,1.2
19.08.2024 00:20:00.717 GMT+0200,0.86739,0.8672500000000001,1.2,1.2
19.08.2024 00:20:00.972 GMT+0200,0.86739,0.86724,1.2,1.2
19.08.2024 00:20:02.837 GMT+0200,0.8673799999999999,0.86724,1.2,1.2
19.08.2024 00:20:02.990 GMT+0200,0.86739,0.86724,1.2,1.8
19.08.2024 00:20:03.292 GMT+0200,0.86739,0.86726,1.2,1.2
19.08.2024 00:20:05.005 GMT+0200,0.8674000000000001,0.86726,1.2,1.8
19.08.2024 00:20:05.611 GMT+0200,0.86744,0.86729,1.2,1.8
19.08.2024 00:20:05.714 GMT+0200,0.8674299999999999,0.8672799999999999,1.2,1.2
19.08.2024 00:20:06.071 GMT+0200,0.8674299999999999,0.8673000000000001,1.2,1.35
19.08.2024 00:20:08.539 GMT+0200,0.8673600000000001,0.86724,1.2,1.56
19.08.2024 00:20:08.592 GMT+0200,0.8673299999999999,0.86723,1.2,1.35
19.08.2024 00:20:08.644 GMT+0200,0.86731,0.86718,1.2,1.2
19.08.2024 00:20:08.951 GMT+0200,0.8673299999999999,0.8671700000000001,1.2,1.8
19.08.2024 00:20:09.210 GMT+0200,0.8673299999999999,0.86718,1.2,1.35
19.08.2024 00:20:10.723 GMT+0200,0.86734,0.86718,1.2,1.2
19.08.2024 00:20:12.898 GMT+0200,0.8673299999999999,0.8672000000000001,1.2,1.2
19.08.2024 00:20:13.203 GMT+0200,0.8673299999999999,0.86719,1.2,1.2
19.08.2024 00:20:13.712 GMT+0200,0.86734,0.86719,1.2,1.2
19.08.2024 00:20:13.815 GMT+0200,0.86734,0.8672000000000001,1.2,1.2
19.08.2024 00:20:17.964 GMT+0200,0.8673500000000001,0.8672000000000001,1.2,1.8
19.08.2024 00:20:18.016 GMT+0200,0.8673500000000001,0.8672000000000001,1.2,2.4
19.08.2024 00:20:18.119 GMT+0200,0.8673500000000001,0.8672000000000001,1.2,2.4
19.08.2024 00:20:20.544 GMT+0200,0.8673500000000001,0.8672000000000001,1.2,1.8
19.08.2024 00:20:20.646 GMT+0200,0.8673500000000001,0.8672000000000001,1.2,1.35
19.08.2024 00:20:20.900 GMT+0200,0.8673500000000001,0.86721,1.2,1.2
19.08.2024 00:20:21.861 GMT+0200,0.8673500000000001,0.86721,1.2,1.8
19.08.2024 00:20:22.065 GMT+0200,0.8673500000000001,0.86721,1.2,1.35
19.08.2024 00:20:30.123 GMT+0200,0.86734,0.86721,1.2,1.35
19.08.2024 00:20:30.628 GMT+0200,0.86734,0.8672000000000001,1.2,1.35
19.08.2024 00:20:30.782 GMT+0200,0.86734,0.8672000000000001,1.2,1.8
19.08.2024 00:20:30.884 GMT+0200,0.8673799999999999,0.8672000000000001,1.8,1.8
19.08.2024 00:20:31.138 GMT+0200,0.8673799999999999,0.8672000000000001,1.35,1.8
19.08.2024 00:20:31.491 GMT+0200,0.8673799999999999,0.8672000000000001,1.8,1.8
19.08.2024 00:20:31.795 GMT+0200,0.8673799999999999,0.8672000000000001,1.8,1.35
19.08.2024 00:20:32.651 GMT+0200,0.8674000000000001,0.86719,3.12,1.35
19.08.2024 00:20:32.705 GMT+0200,0.8674200000000001,0.86723,2.4,1.8
19.08.2024 00:20:32.807 GMT+0200,0.8674200000000001,0.86723,2.25,1.8
19.08.2024 00:20:32.910 GMT+0200,0.8674200000000001,0.86723,2.4,1.8
19.08.2024 00:20:33.870 GMT+0200,0.8674200000000001,0.86724,1.2,1.35
19.08.2024 00:20:33.974 GMT+0200,0.8674700000000001,0.8672799999999999,5.1,1.2
19.08.2024 00:20:34.180 GMT+0200,0.8674799999999999,0.8672700000000001,3.87,1.8
19.08.2024 00:20:34.283 GMT+0200,0.8674700000000001,0.8672799999999999,4.02,1.8
19.08.2024 00:20:34.993 GMT+0200,0.8675,0.86734,2.22,1.2
19.08.2024 00:20:35.097 GMT+0200,0.8674700000000001,0.86734,1.2,1.2
19.08.2024 00:20:36.162 GMT+0200,0.86749,0.86734,1.2,1.8
19.08.2024 00:20:36.214 GMT+0200,0.86745,0.86734,1.2,1.2
19.08.2024 00:20:36.266 GMT+0200,0.8674799999999999,0.8673299999999999,1.2,1.2
19.08.2024 00:20:36.319 GMT+0200,0.8674700000000001,0.86731,1.8,1.2
19.08.2024 00:20:36.421 GMT+0200,0.8674600000000001,0.86731,1.2,1.2
19.08.2024 00:20:36.574 GMT+0200,0.8674600000000001,0.8673299999999999,1.2,1.2
19.08.2024 00:20:37.485 GMT+0200,0.8674700000000001,0.86734,1.2,1.2
19.08.2024 00:20:42.981 GMT+0200,0.8674700000000001,0.8673500000000001,1.2,1.2
19.08.2024 00:20:46.302 GMT+0200,0.8674799999999999,0.8673500000000001,1.2,1.2
19.08.2024 00:20:46.405 GMT+0200,0.8674700000000001,0.8673500000000001,1.2,1.2
19.08.2024 00:20:47.263 GMT+0200,0.8674700000000001,0.86734,1.2,1.35
19.08.2024 00:20:50.086 GMT+0200,0.8674799999999999,0.86734,1.2,2.25
19.08.2024 00:20:51.797 GMT+0200,0.86749,0.8673500000000001,1.2,1.2
19.08.2024 00:20:56.090 GMT+0200,0.86749,0.8673600000000001,1.2,1.8
19.08.2024 00:20:56.546 GMT+0200,0.86749,0.8673700000000001,1.2,1.2
19.08.2024 00:20:57.854 GMT+0200,0.8674799999999999,0.8673600000000001,1.2,1.2
19.08.2024 00:20:58.511 GMT+0200,0.8675100000000001,0.8673600000000001,1.2,1.8
19.08.2024 00:21:00.883 GMT+0200,0.8675,0.8673600000000001,1.2,1.8
19.08.2024 00:21:02.863 GMT+0200,0.86749,0.8673700000000001,1.2,1.2
19.08.2024 00:21:04.281 GMT+0200,0.8675100000000001,0.8673799999999999,1.2,1.2
19.08.2024 00:21:04.434 GMT+0200,0.8675200000000001,0.8673600000000001,1.2,1.2
19.08.2024 00:21:04.637 GMT+0200,0.8675200000000001,0.8673700000000001,1.2,1.2
19.08.2024 00:21:07.304 GMT+0200,0.8675100000000001,0.86739,1.2,1.2
19.08.2024 00:21:07.559 GMT+0200,0.86749,0.8673700000000001,1.2,1.8
19.08.2024 00:21:07.611 GMT+0200,0.8674799999999999,0.8673500000000001,1.2,1.2
19.08.2024 00:21:11.093 GMT+0200,0.86749,0.8673600000000001,1.2,1.2
19.08.2024 00:21:11.145 GMT+0200,0.8674700000000001,0.8673500000000001,1.2,1.2
19.08.2024 00:21:13.062 GMT+0200,0.8674799999999999,0.8673500000000001,1.2,1.2
19.08.2024 00:21:13.520 GMT+0200,0.8674799999999999,0.86734,1.2,1.2
19.08.2024 00:21:13.874 GMT+0200,0.86749,0.86734,1.2,1.35
19.08.2024 00:21:15.085 GMT+0200,0.86749,0.8673700000000001,1.2,1.2
19.08.2024 00:21:15.188 GMT+0200,0.8675,0.8673600000000001,1.2,1.2
19.08.2024 00:21:23.260 GMT+0200,0.8675,0.8673700000000001,1.2,1.2
19.08.2024 00:21:23.363 GMT+0200,0.8675,0.8673600000000001,1.2,1.35
19.08.2024 00:21:24.424 GMT+0200,0.8675,0.8673700000000001,1.2,1.2
19.08.2024 00:21:29.418 GMT+0200,0.8675,0.8673600000000001,1.2,1.35
19.08.2024 00:21:30.575 GMT+0200,0.8675,0.8673700000000001,1.2,1.2
19.08.2024 00:21:32.289 GMT+0200,0.8675,0.8673600000000001,1.2,1.2
19.08.2024 00:21:33.651 GMT+0200,0.8674600000000001,0.8673500000000001,1.2,1.35
19.08.2024 00:21:33.755 GMT+0200,0.86745,0.8673200000000001,1.2,3.15
19.08.2024 00:21:34.011 GMT+0200,0.8674600000000001,0.86734,1.2,1.2
19.08.2024 00:21:34.114 GMT+0200,0.8674700000000001,0.8673299999999999,1.2,1.2
19.08.2024 00:21:34.472 GMT+0200,0.8674799999999999,0.8673299999999999,1.2,1.2
19.08.2024 00:21:35.538 GMT+0200,0.8674700000000001,0.8673500000000001,1.2,1.2
19.08.2024 00:21:35.642 GMT+0200,0.8675,0.8673700000000001,1.2,1.8
19.08.2024 00:21:35.795 GMT+0200,0.8675100000000001,0.8673799999999999,1.2,1.35
19.08.2024 00:21:35.949 GMT+0200,0.8675100000000001,0.86739,1.2,1.2
19.08.2024 00:21:36.911 GMT+0200,0.8675100000000001,0.8674000000000001,1.2,1.2
19.08.2024 00:21:36.963 GMT+0200,0.86753,0.8674200000000001,1.2,1.2
19.08.2024 00:21:37.067 GMT+0200,0.86754,0.8674200000000001,1.2,1.2
19.08.2024 00:21:39.241 GMT+0200,0.86754,0.8674299999999999,1.2,1.2
19.08.2024 00:21:39.344 GMT+0200,0.86755,0.8674200000000001,1.2,1.8
19.08.2024 00:21:40.003 GMT+0200,0.8675,0.8673799999999999,1.2,2.52
19.08.2024 00:21:40.313 GMT+0200,0.86753,0.8674000000000001,1.2,1.2
19.08.2024 00:21:41.728 GMT+0200,0.86754,0.8673799999999999,1.2,1.2
19.08.2024 00:21:42.081 GMT+0200,0.86753,0.8674000000000001,1.2,2.25
19.08.2024 00:21:46.560 GMT+0200,0.8675100000000001,0.86739,1.2,1.2
19.08.2024 00:21:47.419 GMT+0200,0.86753,0.8673799999999999,1.2,1.2
19.08.2024 00:21:48.429 GMT+0200,0.86749,0.8673700000000001,1.2,1.2
19.08.2024 00:21:51.301 GMT+0200,0.86749,0.8673600000000001,1.2,1.2
19.08.2024 00:21:53.612 GMT+0200,0.86749,0.8673700000000001,1.2,1.2
19.08.2024 00:21:54.268 GMT+0200,0.8675100000000001,0.8673600000000001,1.2,1.2
19.08.2024 00:21:55.275 GMT+0200,0.86749,0.8673700000000001,1.2,1.2
19.08.2024 00:21:55.479 GMT+0200,0.8675200000000001,0.86739,1.2,1.8
19.08.2024 00:22:05.312 GMT+0200,0.8675200000000001,0.8674000000000001,1.2,1.8
19.08.2024 00:22:05.617 GMT+0200,0.86753,0.8674200000000001,1.2,1.2
19.08.2024 00:22:05.925 GMT+0200,0.86753,0.8674000000000001,1.2,1.2
19.08.2024 00:22:06.028 GMT+0200,0.86753,0.86739,1.2,1.2
19.08.2024 00:22:07.451 GMT+0200,0.86754,0.8674100000000001,1.2,1.2
19.08.2024 00:22:08.714 GMT+0200,0.86755,0.8674200000000001,1.2,1.2
19.08.2024 00:22:08.967 GMT+0200,0.86754,0.86744,1.2,1.2
19.08.2024 00:22:18.884 GMT+0200,0.86754,0.8674100000000001,1.2,1.2
19.08.2024 00:22:20.149 GMT+0200,0.8675200000000001,0.8674100000000001,1.2,1.2
19.08.2024 00:22:20.555 GMT+0200,0.8675200000000001,0.8674000000000001,1.2,1.2
19.08.2024 00:22:22.619 GMT+0200,0.86753,0.8674200000000001,1.2,1.2
19.08.2024 00:22:25.996 GMT+0200,0.86755,0.8674100000000001,1.2,1.8
19.08.2024 00:22:26.354 GMT+0200,0.86754,0.8674100000000001,1.2,1.8
19.08.2024 00:22:27.111 GMT+0200,0.86753,0.8674100000000001,1.2,1.8
19.08.2024 00:22:29.833 GMT+0200,0.86754,0.8674200000000001,1.2,1.2
19.08.2024 00:22:39.355 GMT+0200,0.86755,0.8674299999999999,1.2,1.2
19.08.2024 00:22:44.339 GMT+0200,0.86758,0.86744,1.35,1.2
19.08.2024 00:22:44.442 GMT+0200,0.86758,0.86745,1.2,1.2
19.08.2024 00:22:45.153 GMT+0200,0.86758,0.86744,1.2,1.2
19.08.2024 00:22:47.032 GMT+0200,0.86759,0.8674700000000001,1.2,1.2
19.08.2024 00:22:47.136 GMT+0200,0.8676100000000001,0.86749,1.2,1.2
19.08.2024 00:22:47.693 GMT+0200,0.8676100000000001,0.8675,1.2,1.2
19.08.2024 00:22:47.846 GMT+0200,0.8676100000000001,0.8675100000000001,1.2,1.2
19.08.2024 00:22:50.824 GMT+0200,0.8676100000000001,0.8675200000000001,1.2,1.8
19.08.2024 00:22:56.549 GMT+0200,0.86763,0.8675100000000001,1.2,1.8
19.08.2024 00:23:01.235 GMT+0200,0.8676100000000001,0.8675100000000001,1.2,1.2
19.08.2024 00:23:01.287 GMT+0200,0.8676100000000001,0.86749,1.2,1.8
19.08.2024 00:23:06.876 GMT+0200,0.8676200000000002,0.8675,1.2,1.8
19.08.2024 00:23:07.334 GMT+0200,0.86764,0.86753,1.2,1.2
19.08.2024 00:23:07.439 GMT+0200,0.86759,0.86749,1.2,1.35
19.08.2024 00:23:07.697 GMT+0200,0.86759,0.8674700000000001,1.2,1.2
19.08.2024 00:23:07.801 GMT+0200,0.8675600000000001,0.8674600000000001,1.2,1.2
19.08.2024 00:23:08.057 GMT+0200,0.86755,0.86744,1.2,1.2
19.08.2024 00:23:08.161 GMT+0200,0.86753,0.86745,1.2,1.2
19.08.2024 00:23:08.368 GMT+0200,0.86753,0.8674299999999999,1.2,1.2
19.08.2024 00:23:08.626 GMT+0200,0.86753,0.8674100000000001,1.2,1.35
19.08.2024 00:23:10.401 GMT+0200,0.86753,0.8674200000000001,1.2,1.2
19.08.2024 00:23:11.059 GMT+0200,0.86755,0.8674299999999999,1.2,1.2
19.08.2024 00:23:11.162 GMT+0200,0.86755,0.8674200000000001,1.2,1.2
19.08.2024 00:23:12.682 GMT+0200,0.86755,0.8674299999999999,1.2,1.2
19.08.2024 00:23:14.093 GMT+0200,0.86755,0.8674200000000001,1.2,1.2
19.08.2024 00:23:18.028 GMT+0200,0.86755,0.86744,1.2,1.2
19.08.2024 00:23:18.081 GMT+0200,0.86755,0.8674200000000001,1.2,1.2
19.08.2024 00:23:19.393 GMT+0200,0.86755,0.8674299999999999,1.2,1.2
19.08.2024 00:23:21.459 GMT+0200,0.86755,0.8674200000000001,1.2,1.2
19.08.2024 00:23:24.780 GMT+0200,0.8675600000000001,0.8674200000000001,1.2,1.2
19.08.2024 00:23:25.237 GMT+0200,0.86755,0.8674200000000001,1.2,1.2
19.08.2024 00:23:27.101 GMT+0200,0.86755,0.86744,1.2,1.2
19.08.2024 00:23:27.203 GMT+0200,0.8675600000000001,0.86744,1.2,1.2
19.08.2024 00:23:27.457 GMT+0200,0.8675600000000001,0.8674299999999999,1.2,1.2
19.08.2024 00:23:27.662 GMT+0200,0.86753,0.8674200000000001,1.2,1.2
19.08.2024 00:23:27.766 GMT+0200,0.86753,0.8674100000000001,1.2,1.2
19.08.2024 00:23:30.896 GMT+0200,0.86753,0.8674200000000001,1.2,1.8
19.08.2024 00:23:33.217 GMT+0200,0.8674799999999999,0.8674200000000001,1.2,1.2
19.08.2024 00:23:33.271 GMT+0200,0.86744,0.8673600000000001,1.2,1.2
19.08.2024 00:23:33.375 GMT+0200,0.86744,0.8673299999999999,1.2,1.8
19.08.2024 00:23:33.427 GMT+0200,0.8674700000000001,0.8673299999999999,1.2,1.2
19.08.2024 00:23:33.934 GMT+0200,0.8674600000000001,0.8673299999999999,1.2,1.8
19.08.2024 00:23:34.441 GMT+0200,0.8674600000000001,0.86734,1.2,1.2
19.08.2024 00:23:35.553 GMT+0200,0.8674600000000001,0.8673299999999999,1.2,1.8
19.08.2024 00:23:38.473 GMT+0200,0.8674600000000001,0.86734,1.2,1.2
19.08.2024 00:23:39.532 GMT+0200,0.8674600000000001,0.8673500000000001,1.2,1.2
19.08.2024 00:23:39.585 GMT+0200,0.8674799999999999,0.8673600000000001,1.2,1.8
19.08.2024 00:23:39.688 GMT+0200,0.8674799999999999,0.8673700000000001,1.2,1.2
19.08.2024 00:23:39.892 GMT+0200,0.86749,0.8673700000000001,1.2,1.2
19.08.2024 00:23:40.348 GMT+0200,0.8675,0.86739,1.2,1.2
19.08.2024 00:23:40.451 GMT+0200,0.8675,0.8673799999999999,1.2,1.8
19.08.2024 00:23:42.269 GMT+0200,0.86749,0.8673799999999999,1.2,1.2
19.08.2024 00:23:42.422 GMT+0200,0.86749,0.8673700000000001,1.2,1.8
19.08.2024 00:23:44.947 GMT+0200,0.8675,0.8673700000000001,1.2,1.8
19.08.2024 00:23:45.201 GMT+0200,0.8675,0.8673799999999999,1.2,1.2
19.08.2024 00:23:46.881 GMT+0200,0.8674799999999999,0.8673799999999999,1.2,1.2
19.08.2024 00:23:47.035 GMT+0200,0.8674799999999999,0.8673700000000001,1.2,1.2
19.08.2024 00:23:47.493 GMT+0200,0.8674799999999999,0.8673600000000001,1.2,1.2
19.08.2024 00:23:48.304 GMT+0200,0.8674799999999999,0.8673799999999999,1.2,1.2
19.08.2024 00:23:48.356 GMT+0200,0.8674799999999999,0.8673600000000001,1.2,1.2
19.08.2024 00:23:50.784 GMT+0200,0.8674700000000001,0.8673600000000001,1.2,1.8
19.08.2024 00:23:56.016 GMT+0200,0.8674799999999999,0.8673600000000001,1.2,1.8
19.08.2024 00:23:58.093 GMT+0200,0.8674799999999999,0.8673700000000001,1.2,1.2
19.08.2024 00:23:58.349 GMT+0200,0.8674799999999999,0.8673799999999999,1.2,1.2
19.08.2024 00:23:59.968 GMT+0200,0.8675,0.8673799999999999,1.2,1.8
19.08.2024 00:24:01.285 GMT+0200,0.8675100000000001,0.8673799999999999,1.2,1.2
19.08.2024 00:24:01.387 GMT+0200,0.8675,0.8673799999999999,1.2,1.8
19.08.2024 00:24:01.643 GMT+0200,0.8675100000000001,0.86739,1.2,1.8
19.08.2024 00:24:03.065 GMT+0200,0.8675100000000001,0.8674000000000001,1.2,1.2
19.08.2024 00:24:04.178 GMT+0200,0.8675100000000001,0.86739,1.2,1.2
19.08.2024 00:24:04.936 GMT+0200,0.8675,0.8674000000000001,1.2,1.2
19.08.2024 00:24:07.215 GMT+0200,0.86754,0.8674000000000001,1.2,1.2
19.08.2024 00:24:07.318 GMT+0200,0.8675200000000001,0.8674200000000001,1.2,1.2
19.08.2024 00:24:07.420 GMT+0200,0.8675200000000001,0.8674100000000001,1.2,1.2
19.08.2024 00:24:09.746 GMT+0200,0.8675200000000001,0.8674200000000001,1.2,1.2
19.08.2024 00:24:10.402 GMT+0200,0.8675200000000001,0.8674100000000001,1.2,1.2
19.08.2024 00:24:12.324 GMT+0200,0.8675100000000001,0.8674000000000001,1.2,1.2
19.08.2024 00:24:12.376 GMT+0200,0.86749,0.86739,1.2,1.2
19.08.2024 00:24:14.501 GMT+0200,0.8674799999999999,0.8673799999999999,1.2,1.8
19.08.2024 00:24:15.212 GMT+0200,0.8674700000000001,0.8673700000000001,1.2,1.8
19.08.2024 00:24:15.317 GMT+0200,0.8674600000000001,0.8673600000000001,1.2,1.2
19.08.2024 00:24:15.522 GMT+0200,0.8674700000000001,0.8673700000000001,1.2,1.2
19.08.2024 00:24:19.672 GMT+0200,0.8674799999999999,0.8673799999999999,1.2,1.8
19.08.2024 00:24:20.281 GMT+0200,0.86749,0.8673799999999999,1.2,1.8
19.08.2024 00:24:20.385 GMT+0200,0.8674799999999999,0.8673700000000001,1.2,1.8
19.08.2024 00:24:22.511 GMT+0200,0.86749,0.8673799999999999,1.2,1.8
19.08.2024 00:24:22.968 GMT+0200,0.86749,0.8673700000000001,1.2,1.2
19.08.2024 00:24:23.472 GMT+0200,0.8674799999999999,0.8673700000000001,1.2,1.8
19.08.2024 00:24:23.675 GMT+0200,0.86749,0.8673799999999999,1.2,1.2
19.08.2024 00:24:24.685 GMT+0200,0.8674799999999999,0.8673799999999999,1.2,1.2
19.08.2024 00:24:24.838 GMT+0200,0.8674799999999999,0.8673700000000001,1.2,1.2
19.08.2024 00:24:28.939 GMT+0200,0.86749,0.86739,1.2,1.2
19.08.2024 00:24:32.171 GMT+0200,0.8674799999999999,0.8673799999999999,1.2,1.2
19.08.2024 00:24:32.677 GMT+0200,0.86749,0.8673799999999999,1.2,1.2
19.08.2024 00:24:32.781 GMT+0200,0.8675100000000001,0.8674000000000001,1.2,1.2
19.08.2024 00:24:33.747 GMT+0200,0.86753,0.8674299999999999,1.2,1.2
19.08.2024 00:24:35.116 GMT+0200,0.86755,0.8674299999999999,1.2,1.2
19.08.2024 00:24:35.220 GMT+0200,0.8675600000000001,0.8674600000000001,1.2,1.2
19.08.2024 00:24:39.662 GMT+0200,0.86759,0.8674700000000001,1.2,1.2
19.08.2024 00:24:40.824 GMT+0200,0.8675700000000001,0.8674700000000001,1.2,1.2
19.08.2024 00:24:47.634 GMT+0200,0.86758,0.86749,1.2,1.2
19.08.2024 00:24:47.788 GMT+0200,0.86758,0.8674799999999999,1.2,1.2
19.08.2024 00:24:48.800 GMT+0200,0.86759,0.8675,1.2,1.2
19.08.2024 00:24:48.853 GMT+0200,0.8676100000000001,0.8675,1.2,1.2
19.08.2024 00:24:49.362 GMT+0200,0.86759,0.86749,1.2,1.8
19.08.2024 00:24:49.617 GMT+0200,0.8676100000000001,0.8675,1.2,1.2
19.08.2024 00:24:50.784 GMT+0200,0.8676200000000002,0.8675,1.2,1.2
19.08.2024 00:24:55.031 GMT+0200,0.86758,0.8674799999999999,1.2,1.33
19.08.2024 00:24:55.135 GMT+0200,0.8675700000000001,0.8674700000000001,1.2,1.2
19.08.2024 00:25:06.756 GMT+0200,0.86755,0.8674600000000001,1.2,1.2
19.08.2024 00:25:07.062 GMT+0200,0.8675700000000001,0.8674600000000001,1.2,1.2
19.08.2024 00:25:08.126 GMT+0200,0.8675600000000001,0.8674600000000001,1.2,1.2
19.08.2024 00:25:08.229 GMT+0200,0.8675700000000001,0.8674600000000001,1.2,1.2
19.08.2024 00:25:08.891 GMT+0200,0.86758,0.8674700000000001,1.2,1.8
19.08.2024 00:25:11.527 GMT+0200,0.8675600000000001,0.8674700000000001,1.2,1.2
19.08.2024 00:25:14.966 GMT+0200,0.8675700000000001,0.8674700000000001,1.2,1.8
19.08.2024 00:25:16.532 GMT+0200,0.86759,0.8674799999999999,1.2,1.8
19.08.2024 00:25:18.559 GMT+0200,0.86759,0.86749,1.2,1.2
19.08.2024 00:25:19.473 GMT+0200,0.8676100000000001,0.8675,1.2,1.2
19.08.2024 00:25:21.621 GMT+0200,0.8676,0.8675,1.2,1.2
19.08.2024 00:25:21.675 GMT+0200,0.8676200000000002,0.8675100000000001,1.2,1.2
19.08.2024 00:25:21.931 GMT+0200,0.8676100000000001,0.8675100000000001,1.2,1.2
19.08.2024 00:25:25.364 GMT+0200,0.86763,0.86753,1.2,1.2
19.08.2024 00:25:25.668 GMT+0200,0.86763,0.8675200000000001,1.2,1.2
19.08.2024 00:25:29.104 GMT+0200,0.86763,0.86753,1.2,1.2
19.08.2024 00:25:29.711 GMT+0200,0.86764,0.8675100000000001,1.2,1.2
19.08.2024 00:25:30.016 GMT+0200,0.86763,0.86753,1.2,1.2
19.08.2024 00:25:30.118 GMT+0200,0.86763,0.8675200000000001,1.2,1.2
19.08.2024 00:25:30.827 GMT+0200,0.86763,0.86753,1.2,1.2
19.08.2024 00:25:30.931 GMT+0200,0.8676200000000002,0.8675200000000001,1.2,1.8
19.08.2024 00:25:32.596 GMT+0200,0.8676100000000001,0.8675100000000001,1.2,1.8
19.08.2024 00:25:33.004 GMT+0200,0.8676200000000002,0.8675100000000001,1.2,1.8
19.08.2024 00:25:34.522 GMT+0200,0.8676100000000001,0.8675100000000001,1.2,1.2
19.08.2024 00:25:34.981 GMT+0200,0.86763,0.86753,1.2,1.2
19.08.2024 00:25:37.752 GMT+0200,0.8676200000000002,0.8675,1.2,1.8
19.08.2024 00:25:37.855 GMT+0200,0.8676200000000002,0.8675200000000001,1.2,1.2
19.08.2024 00:25:38.917 GMT+0200,0.86763,0.86753,1.2,1.8
19.08.2024 00:25:40.845 GMT+0200,0.86764,0.86753,1.2,1.2
19.08.2024 00:25:44.321 GMT+0200,0.8676100000000001,0.8675200000000001,1.2,1.2
19.08.2024 00:25:44.881 GMT+0200,0.86763,0.8675200000000001,1.2,1.2
19.08.2024 00:25:47.304 GMT+0200,0.86763,0.8675100000000001,1.2,1.8
19.08.2024 00:25:47.562 GMT+0200,0.8676100000000001,0.8675100000000001,1.2,1.2
19.08.2024 00:25:47.818 GMT+0200,0.8676100000000001,0.8675,1.2,1.8
19.08.2024 00:25:49.839 GMT+0200,0.86763,0.8675100000000001,1.2,1.2
19.08.2024 00:25:49.992 GMT+0200,0.86763,0.8675200000000001,1.2,1.2
19.08.2024 00:25:50.147 GMT+0200,0.86763,0.8675100000000001,1.2,1.2
19.08.2024 00:25:51.262 GMT+0200,0.8676200000000002,0.8675,1.2,1.8
19.08.2024 00:25:59.353 GMT+0200,0.86763,0.8675200000000001,1.2,1.8
19.08.2024 00:25:59.609 GMT+0200,0.86763,0.86753,1.2,1.2
19.08.2024 00:25:59.662 GMT+0200,0.86763,0.8675,1.2,1.2
19.08.2024 00:26:00.324 GMT+0200,0.86763,0.86753,1.2,1.2
19.08.2024 00:26:04.006 GMT+0200,0.8676,0.8675,1.2,1.2
19.08.2024 00:26:09.559 GMT+0200,0.8676,0.86749,1.2,2.25
19.08.2024 00:26:11.069 GMT+0200,0.8676,0.8675,1.2,1.2
19.08.2024 00:26:12.328 GMT+0200,0.8676200000000002,0.8675100000000001,1.2,1.2
19.08.2024 00:26:18.382 GMT+0200,0.8676,0.8675100000000001,1.2,1.2
19.08.2024 00:26:18.687 GMT+0200,0.8676,0.8675,1.2,1.2
19.08.2024 00:26:18.790 GMT+0200,0.8676100000000001,0.8675,1.2,1.8
19.08.2024 00:26:19.148 GMT+0200,0.8676,0.86749,1.2,3.15
19.08.2024 00:26:19.251 GMT+0200,0.8676,0.8675,1.2,1.2
19.08.2024 00:26:19.555 GMT+0200,0.8676200000000002,0.8675200000000001,1.2,1.8
19.08.2024 00:26:19.863 GMT+0200,0.8676200000000002,0.8675100000000001,1.2,1.8
19.08.2024 00:26:22.960 GMT+0200,0.8676,0.86749,1.2,1.2
19.08.2024 00:26:23.063 GMT+0200,0.8676,0.8675,1.2,1.2
19.08.2024 00:26:24.026 GMT+0200,0.8676,0.86749,1.2,1.2
19.08.2024 00:26:27.641 GMT+0200,0.8676100000000001,0.8675,1.2,1.2
19.08.2024 00:26:27.898 GMT+0200,0.8676,0.8674799999999999,1.2,3.6
19.08.2024 00:26:28.002 GMT+0200,0.86759,0.8674799999999999,1.2,2.7
19.08.2024 00:26:28.463 GMT+0200,0.8676,0.86749,1.2,1.2
19.08.2024 00:26:28.821 GMT+0200,0.8676100000000001,0.86749,1.2,1.8
19.08.2024 00:26:28.925 GMT+0200,0.8676100000000001,0.8675,1.2,1.2
19.08.2024 00:26:29.028 GMT+0200,0.8676100000000001,0.86749,1.2,1.2
19.08.2024 00:26:36.756 GMT+0200,0.8676,0.86749,1.2,1.2
19.08.2024 00:26:39.841 GMT+0200,0.8676,0.8674799999999999,1.2,2.25
19.08.2024 00:26:40.246 GMT+0200,0.8676100000000001,0.8674799999999999,1.2,2.25
19.08.2024 00:26:40.350 GMT+0200,0.8676100000000001,0.86749,1.2,1.8
19.08.2024 00:26:42.928 GMT+0200,0.8676100000000001,0.8675,1.2,1.2
19.08.2024 00:26:43.081 GMT+0200,0.8676100000000001,0.8675100000000001,1.2,1.2
19.08.2024 00:26:43.287 GMT+0200,0.86759,0.86749,1.2,1.2
19.08.2024 00:26:43.544 GMT+0200,0.86759,0.8674700000000001,1.2,2.25
19.08.2024 00:26:44.052 GMT+0200,0.8675700000000001,0.8674700000000001,1.2,1.2
19.08.2024 00:26:44.358 GMT+0200,0.8675700000000001,0.8674600000000001,1.2,1.8
19.08.2024 00:26:44.615 GMT+0200,0.86754,0.8674299999999999,1.2,1.35
19.08.2024 00:26:44.718 GMT+0200,0.86754,0.86744,1.2,1.2
19.08.2024 00:26:44.771 GMT+0200,0.8675700000000001,0.8674299999999999,1.2,1.8
19.08.2024 00:26:45.434 GMT+0200,0.86753,0.8674299999999999,1.2,1.2
19.08.2024 00:26:46.345 GMT+0200,0.86753,0.8674200000000001,1.2,1.8
19.08.2024 00:26:46.801 GMT+0200,0.86753,0.8674299999999999,1.2,1.2
19.08.2024 00:26:47.103 GMT+0200,0.86753,0.8674200000000001,1.2,1.8
19.08.2024 00:26:47.556 GMT+0200,0.86754,0.8674200000000001,1.2,1.2
19.08.2024 00:26:48.311 GMT+0200,0.86754,0.8674299999999999,1.2,1.8
19.08.2024 00:26:48.874 GMT+0200,0.86754,0.86744,1.2,1.2
19.08.2024 00:26:49.028 GMT+0200,0.86755,0.86744,1.2,1.8
19.08.2024 00:26:49.133 GMT+0200,0.8675600000000001,0.86745,1.2,1.8
19.08.2024 00:26:52.870 GMT+0200,0.8675600000000001,0.8674600000000001,1.2,1.2
19.08.2024 00:26:53.627 GMT+0200,0.8675700000000001,0.8674600000000001,1.2,1.8
19.08.2024 00:26:53.932 GMT+0200,0.8675700000000001,0.8674700000000001,1.2,1.2
19.08.2024 00:26:57.015 GMT+0200,0.8675600000000001,0.8674600000000001,1.2,1.2
19.08.2024 00:26:58.939 GMT+0200,0.8675700000000001,0.8674600000000001,1.2,1.2
19.08.2024 00:27:00.401 GMT+0200,0.8675600000000001,0.8674600000000001,1.2,1.2
19.08.2024 00:27:08.120 GMT+0200,0.8675600000000001,0.86745,1.2,1.8
19.08.2024 00:27:08.423 GMT+0200,0.8675600000000001,0.8674600000000001,1.2,1.2
19.08.2024 00:27:11.713 GMT+0200,0.86759,0.86749,1.2,1.2
19.08.2024 00:27:13.431 GMT+0200,0.8675700000000001,0.86749,1.2,1.2
19.08.2024 00:27:13.535 GMT+0200,0.8675700000000001,0.8674799999999999,1.2,1.8
19.08.2024 00:27:18.649 GMT+0200,0.86755,0.8674600000000001,1.2,1.8
19.08.2024 00:27:29.089 GMT+0200,0.8675600000000001,0.8674600000000001,1.2,1.8
19.08.2024 00:27:29.241 GMT+0200,0.8675700000000001,0.8674600000000001,1.2,1.8
19.08.2024 00:27:30.859 GMT+0200,0.8676,0.8675,1.2,1.8
19.08.2024 00:27:44.111 GMT+0200,0.8676200000000002,0.8675100000000001,1.2,1.2
19.08.2024 00:27:45.330 GMT+0200,0.8676200000000002,0.8675200000000001,1.2,1.2
19.08.2024 00:27:45.686 GMT+0200,0.8676200000000002,0.8675100000000001,1.2,1.2
19.08.2024 00:27:47.155 GMT+0200,0.8676,0.8675,1.2,1.8
19.08.2024 00:27:48.722 GMT+0200,0.86759,0.86749,1.2,1.2
19.08.2024 00:27:48.775 GMT+0200,0.8675700000000001,0.8674600000000001,1.2,2.25
19.08.2024 00:27:49.390 GMT+0200,0.86759,0.8674799999999999,1.2,1.8
19.08.2024 00:27:50.610 GMT+0200,0.8676,0.8675,1.2,1.2
19.08.2024 00:27:53.953 GMT+0200,0.8676200000000002,0.8675100000000001,1.2,1.8
19.08.2024 00:27:54.058 GMT+0200,0.8676200000000002,0.8675200000000001,1.2,1.2
19.08.2024 00:27:54.262 GMT+0200,0.8676200000000002,0.8675100000000001,1.2,1.8
19.08.2024 00:27:57.842 GMT+0200,0.8676200000000002,0.86749,1.2,1.2
19.08.2024 00:27:58.197 GMT+0200,0.8676100000000001,0.8675100000000001,1.2,1.2
19.08.2024 00:27:59.695 GMT+0200,0.8676100000000001,0.8675,1.2,1.2
19.08.2024 00:28:00.301 GMT+0200,0.8676100000000001,0.8675100000000001,1.2,1.2
19.08.2024 00:28:00.509 GMT+0200,0.86759,0.8674799999999999,1.2,1.2
19.08.2024 00:28:00.766 GMT+0200,0.86759,0.8674700000000001,1.2,1.2
19.08.2024 00:28:00.920 GMT+0200,0.8676,0.86749,1.2,1.8
19.08.2024 00:28:01.275 GMT+0200,0.8676,0.8675,1.2,1.2
19.08.2024 00:28:01.479 GMT+0200,0.86763,0.8675100000000001,1.2,1.2
19.08.2024 00:28:01.939 GMT+0200,0.8676100000000001,0.8675,1.2,1.2
19.08.2024 00:28:02.092 GMT+0200,0.8676100000000001,0.8675100000000001,1.2,1.2
19.08.2024 00:28:02.245 GMT+0200,0.8676,0.8675100000000001,1.2,1.2
19.08.2024 00:28:02.347 GMT+0200,0.8676,0.8675,1.2,1.2
19.08.2024 00:28:03.615 GMT+0200,0.8676200000000002,0.8675,1.2,1.8
19.08.2024 00:28:11.192 GMT+0200,0.86763,0.8675200000000001,1.2,1.2
19.08.2024 00:28:14.076 GMT+0200,0.8675600000000001,0.8674600000000001,1.2,2.85
19.08.2024 00:28:14.179 GMT+0200,0.8675700000000001,0.8674600000000001,1.2,2.25
19.08.2024 00:28:14.384 GMT+0200,0.8675700000000001,0.8674700000000001,1.2,1.2
19.08.2024 00:28:14.640 GMT+0200,0.8675700000000001,0.8674600000000001,1.2,1.8
19.08.2024 00:28:14.994 GMT+0200,0.86759,0.8674700000000001,1.2,1.2
19.08.2024 00:28:17.975 GMT+0200,0.8676,0.86749,1.2,1.2
19.08.2024 00:28:20.804 GMT+0200,0.8676,0.8675,1.2,1.2
19.08.2024 00:28:20.907 GMT+0200,0.8676,0.8675100000000001,1.2,1.2
19.08.2024 00:28:23.125 GMT+0200,0.86758,0.86749,1.2,1.2
19.08.2024 00:28:23.228 GMT+0200,0.86758,0.8674799999999999,1.2,1.2
19.08.2024 00:28:24.797 GMT+0200,0.8676,0.8675,1.2,1.2
19.08.2024 00:28:25.404 GMT+0200,0.8676,0.8675100000000001,1.2,1.2
19.08.2024 00:28:30.194 GMT+0200,0.8676200000000002,0.8675200000000001,1.2,1.2
19.08.2024 00:28:33.494 GMT+0200,0.8676100000000001,0.8675100000000001,1.2,1.8
19.08.2024 00:28:34.007 GMT+0200,0.86763,0.8675200000000001,1.2,1.2
19.08.2024 00:28:34.619 GMT+0200,0.8676100000000001,0.8675100000000001,1.2,1.8
19.08.2024 00:28:41.829 GMT+0200,0.8676200000000002,0.8675200000000001,1.2,1.8
19.08.2024 00:28:43.545 GMT+0200,0.86763,0.86753,1.2,1.8
19.08.2024 00:28:49.082 GMT+0200,0.8676100000000001,0.86753,1.2,1.8
19.08.2024 00:28:49.187 GMT+0200,0.86759,0.86749,1.2,1.2
19.08.2024 00:28:49.495 GMT+0200,0.8675700000000001,0.86749,1.2,1.2
19.08.2024 00:28:50.402 GMT+0200,0.8675700000000001,0.8674799999999999,1.2,1.2
19.08.2024 00:28:52.875 GMT+0200,0.86758,0.8674799999999999,1.2,1.2
19.08.2024 00:28:54.593 GMT+0200,0.8676,0.86749,1.2,1.2
19.08.2024 00:28:54.696 GMT+0200,0.86758,0.86749,1.2,1.2
19.08.2024 00:29:04.723 GMT+0200,0.8675700000000001,0.86749,1.2,1.2
19.08.2024 00:29:06.840 GMT+0200,0.86753,0.86745,1.2,1.2
19.08.2024 00:29:07.312 GMT+0200,0.8674700000000001,0.8674100000000001,1.2,1.2
19.08.2024 00:29:07.417 GMT+0200,0.8674600000000001,0.8673799999999999,1.2,1.2
19.08.2024 00:29:07.520 GMT+0200,0.8674600000000001,0.8673799999999999,1.2,1.2
19.08.2024 00:29:07.572 GMT+0200,0.8674700000000001,0.86739,1.2,1.2
19.08.2024 00:29:07.726 GMT+0200,0.8674600000000001,0.86739,1.2,1.2
19.08.2024 00:29:14.688 GMT+0200,0.8674600000000001,0.8673700000000001,1.2,1.2
19.08.2024 00:29:15.598 GMT+0200,0.8674600000000001,0.86739,1.2,1.2
19.08.2024 00:29:15.955 GMT+0200,0.8675100000000001,0.8674100000000001,1.2,1.2
19.08.2024 00:29:18.391 GMT+0200,0.8675,0.8674000000000001,1.2,1.2
19.08.2024 00:29:21.380 GMT+0200,0.8675,0.86739,1.2,1.35
19.08.2024 00:29:21.935 GMT+0200,0.8675,0.8674000000000001,1.2,1.2
19.08.2024 00:29:24.915 GMT+0200,0.8675,0.86739,1.2,1.2
19.08.2024 00:29:25.221 GMT+0200,0.8675,0.8674000000000001,1.2,1.35
19.08.2024 00:29:26.585 GMT+0200,0.8675100000000001,0.8673799999999999,1.2,1.2
19.08.2024 00:29:27.341 GMT+0200,0.8675,0.8674000000000001,1.2,1.2
19.08.2024 00:29:29.154 GMT+0200,0.86749,0.8674000000000001,1.2,1.2
19.08.2024 00:29:32.236 GMT+0200,0.86749,0.86739,1.2,1.2
19.08.2024 00:29:32.692 GMT+0200,0.86749,0.8674000000000001,1.2,1.35
19.08.2024 00:29:33.653 GMT+0200,0.86749,0.8674200000000001,1.2,1.2
19.08.2024 00:29:33.756 GMT+0200,0.8675,0.8674200000000001,1.2,1.2
19.08.2024 00:29:33.961 GMT+0200,0.8675,0.8674100000000001,1.2,1.2
19.08.2024 00:29:35.733 GMT+0200,0.8675200000000001,0.8674200000000001,1.2,1.35
19.08.2024 00:29:35.836 GMT+0200,0.8675100000000001,0.8674200000000001,1.2,1.2
19.08.2024 00:29:35.991 GMT+0200,0.8675,0.8674200000000001,1.2,1.2
19.08.2024 00:29:36.093 GMT+0200,0.8675,0.8674100000000001,1.2,1.2
19.08.2024 00:29:41.474 GMT+0200,0.8675,0.8674200000000001,1.2,1.2
19.08.2024 00:29:41.728 GMT+0200,0.8675,0.8674100000000001,1.2,1.2
19.08.2024 00:29:41.933 GMT+0200,0.8675200000000001,0.86744,1.2,1.2
19.08.2024 00:29:41.986 GMT+0200,0.8675100000000001,0.8674200000000001,1.2,1.35
19.08.2024 00:29:42.294 GMT+0200,0.8675100000000001,0.8674100000000001,1.2,1.35
19.08.2024 00:29:43.459 GMT+0200,0.8675200000000001,0.8674100000000001,1.2,1.35
19.08.2024 00:29:44.476 GMT+0200,0.8675,0.8674100000000001,1.2,1.2
19.08.2024 00:29:45.083 GMT+0200,0.8675,0.8674200000000001,1.2,1.2
19.08.2024 00:29:45.489 GMT+0200,0.8675,0.8674100000000001,1.2,1.35
19.08.2024 00:29:46.145 GMT+0200,0.8675,0.8674200000000001,1.2,1.2
19.08.2024 00:29:46.499 GMT+0200,0.8675,0.8674100000000001,1.2,1.2
19.08.2024 00:29:48.720 GMT+0200,0.86753,0.8674299999999999,1.2,1.2
19.08.2024 00:29:49.078 GMT+0200,0.86753,0.8674200000000001,1.2,2.25
19.08.2024 00:29:49.382 GMT+0200,0.86754,0.8674200000000001,1.2,1.2
19.08.2024 00:29:49.689 GMT+0200,0.86753,0.8674200000000001,1.2,1.35
19.08.2024 00:29:50.500 GMT+0200,0.8675200000000001,0.8674200000000001,1.2,1.35
19.08.2024 00:29:50.754 GMT+0200,0.8675200000000001,0.8674299999999999,1.2,1.2
19.08.2024 00:29:54.539 GMT+0200,0.8675200000000001,0.8674200000000001,1.2,1.35
19.08.2024 00:29:55.906 GMT+0200,0.8675,0.8674200000000001,1.2,1.35
19.08.2024 00:29:56.163 GMT+0200,0.8675,0.8674100000000001,1.2,1.2
19.08.2024 00:29:56.469 GMT+0200,0.8675,0.8674200000000001,1.2,1.2
19.08.2024 00:29:56.774 GMT+0200,0.8675,0.8674100000000001,1.2,1.35
19.08.2024 00:29:56.928 GMT+0200,0.8675200000000001,0.8674299999999999,1.2,1.2
19.08.2024 00:29:57.941 GMT+0200,0.86753,0.8674299999999999,1.2,2.7
19.08.2024 00:29:58.248 GMT+0200,0.86753,0.86744,1.2,1.2
19.08.2024 00:29:58.502 GMT+0200,0.8675200000000001,0.86744,1.2,1.2
19.08.2024 00:29:58.759 GMT+0200,0.8675200000000001,0.8674299999999999,1.2,1.2
19.08.2024 00:29:59.269 GMT+0200,0.8675200000000001,0.8674200000000001,1.2,1.2
19.08.2024 00:29:59.575 GMT+0200,0.86753,0.8674200000000001,1.2,1.2
19.08.2024 00:30:00.134 GMT+0200,0.86753,0.8674299999999999,1.2,1.2
19.08.2024 00:30:01.702 GMT+0200,0.8675100000000001,0.8674299999999999,1.2,1.2
19.08.2024 00:30:01.806 GMT+0200,0.8675100000000001,0.8674200000000001,1.2,1.2
19.08.2024 00:30:01.961 GMT+0200,0.8675100000000001,0.8674299999999999,1.2,1.2
19.08.2024 00:30:02.521 GMT+0200,0.8675100000000001,0.86744,1.2,1.2
19.08.2024 00:30:02.575 GMT+0200,0.86755,0.86744,1.2,1.8
19.08.2024 00:30:03.187 GMT+0200,0.86755,0.86745,1.2,1.2
19.08.2024 00:30:04.002 GMT+0200,0.86755,0.86744,1.2,1.2
19.08.2024 00:30:04.054 GMT+0200,0.8675,0.86739,1.2,3.75
19.08.2024 00:30:05.986 GMT+0200,0.8675100000000001,0.8674000000000001,1.2,1.8
19.08.2024 00:30:11.137 GMT+0200,0.8675100000000001,0.8674100000000001,1.2,1.2
19.08.2024 00:30:14.769 GMT+0200,0.8675200000000001,0.8674100000000001,1.2,1.8
19.08.2024 00:30:21.220 GMT+0200,0.8675100000000001,0.8674000000000001,1.2,1.8
19.08.2024 00:30:22.288 GMT+0200,0.86745,0.8673500000000001,1.2,1.2
19.08.2024 00:30:22.340 GMT+0200,0.86745,0.8673299999999999,1.2,3.69
19.08.2024 00:30:23.458 GMT+0200,0.8674600000000001,0.8673500000000001,1.2,1.35
19.08.2024 00:30:23.766 GMT+0200,0.86745,0.8673500000000001,1.2,1.2
19.08.2024 00:30:26.584 GMT+0200,0.8674700000000001,0.8673600000000001,1.2,1.35
19.08.2024 00:30:26.840 GMT+0200,0.8674700000000001,0.8673500000000001,1.2,3.69
19.08.2024 00:30:27.907 GMT+0200,0.8674600000000001,0.8673500000000001,1.2,3.15
19.08.2024 00:30:28.616 GMT+0200,0.8674600000000001,0.8673600000000001,1.2,1.2
19.08.2024 00:30:28.923 GMT+0200,0.8674600000000001,0.8673500000000001,1.2,3.15
19.08.2024 00:30:29.680 GMT+0200,0.8674600000000001,0.8673600000000001,1.2,1.2
19.08.2024 00:30:29.933 GMT+0200,0.8674600000000001,0.8673500000000001,1.2,3.15
19.08.2024 00:30:30.791 GMT+0200,0.8674600000000001,0.8673600000000001,1.2,1.2
19.08.2024 00:30:31.194 GMT+0200,0.8674600000000001,0.8673500000000001,1.2,3.15
19.08.2024 00:30:31.750 GMT+0200,0.8674600000000001,0.8673600000000001,1.2,1.2
19.08.2024 00:30:32.004 GMT+0200,0.8674600000000001,0.8673500000000001,1.2,3.15
19.08.2024 00:30:32.814 GMT+0200,0.8674600000000001,0.8673600000000001,1.2,1.2
19.08.2024 00:30:33.070 GMT+0200,0.8674600000000001,0.8673500000000001,1.2,3.15
19.08.2024 00:30:33.734 GMT+0200,0.8674700000000001,0.8673600000000001,1.2,1.32
19.08.2024 00:30:33.837 GMT+0200,0.8674700000000001,0.8673700000000001,1.2,1.2
19.08.2024 00:30:33.940 GMT+0200,0.8674700000000001,0.8673600000000001,1.2,1.2
19.08.2024 00:30:34.348 GMT+0200,0.8674100000000001,0.8673200000000001,1.2,1.2
19.08.2024 00:30:34.451 GMT+0200,0.8674100000000001,0.86731,1.2,3.6
19.08.2024 00:30:35.029 GMT+0200,0.8674299999999999,0.86731,1.2,1.8
19.08.2024 00:30:40.391 GMT+0200,0.86744,0.86731,1.2,1.2
19.08.2024 00:30:40.646 GMT+0200,0.86744,0.8673000000000001,1.2,1.8
19.08.2024 00:30:43.372 GMT+0200,0.8674299999999999,0.8673200000000001,1.2,1.2
19.08.2024 00:30:43.676 GMT+0200,0.8674299999999999,0.86731,1.2,3.6
19.08.2024 00:30:43.983 GMT+0200,0.86745,0.8673299999999999,1.2,1.8
19.08.2024 00:30:44.138 GMT+0200,0.8674299999999999,0.8673299999999999,1.2,1.8
19.08.2024 00:30:46.417 GMT+0200,0.8674299999999999,0.8673200000000001,1.2,1.8
19.08.2024 00:30:48.345 GMT+0200,0.8674100000000001,0.8673200000000001,1.2,1.2
19.08.2024 00:30:48.396 GMT+0200,0.86744,0.8673200000000001,1.2,1.2
19.08.2024 00:30:49.008 GMT+0200,0.8674200000000001,0.86731,1.2,1.8
19.08.2024 00:30:49.515 GMT+0200,0.86744,0.8673200000000001,1.2,1.2
19.08.2024 00:30:49.566 GMT+0200,0.8674100000000001,0.8673200000000001,1.2,1.2
19.08.2024 00:30:50.479 GMT+0200,0.86744,0.8673200000000001,1.2,1.2
19.08.2024 00:30:51.036 GMT+0200,0.8674100000000001,0.8673200000000001,1.2,1.2
19.08.2024 00:30:54.590 GMT+0200,0.8674100000000001,0.86731,1.2,1.8
19.08.2024 00:30:54.895 GMT+0200,0.8674100000000001,0.8673200000000001,1.2,1.2
19.08.2024 00:30:55.299 GMT+0200,0.8674100000000001,0.86731,1.2,1.8
19.08.2024 00:30:57.730 GMT+0200,0.8674100000000001,0.8673200000000001,1.2,1.2
19.08.2024 00:30:57.984 GMT+0200,0.8674200000000001,0.8673000000000001,1.2,1.8
19.08.2024 00:30:58.793 GMT+0200,0.8674100000000001,0.8673200000000001,1.2,1.2
19.08.2024 00:30:59.048 GMT+0200,0.8674100000000001,0.86731,1.2,1.8
19.08.2024 00:30:59.957 GMT+0200,0.8674299999999999,0.8673299999999999,1.2,1.2
19.08.2024 00:31:00.163 GMT+0200,0.8674299999999999,0.86731,1.2,1.89
19.08.2024 00:31:01.026 GMT+0200,0.8674299999999999,0.8673200000000001,1.2,1.2
19.08.2024 00:31:01.281 GMT+0200,0.8674299999999999,0.86731,1.2,1.8
19.08.2024 00:31:03.100 GMT+0200,0.8674299999999999,0.8673200000000001,1.2,1.2
19.08.2024 00:31:03.357 GMT+0200,0.8674299999999999,0.86731,1.2,4.05
19.08.2024 00:31:03.590 GMT+0200,0.86745,0.8673299999999999,1.2,1.35
19.08.2024 00:31:04.101 GMT+0200,0.8674600000000001,0.86731,1.2,1.2
19.08.2024 00:31:05.417 GMT+0200,0.8674600000000001,0.8673000000000001,1.2,1.8
19.08.2024 00:31:05.673 GMT+0200,0.8674600000000001,0.86731,1.2,1.2
19.08.2024 00:31:06.028 GMT+0200,0.86745,0.86731,1.2,3.15
19.08.2024 00:31:06.790 GMT+0200,0.8674299999999999,0.86731,1.2,3.15
19.08.2024 00:31:07.499 GMT+0200,0.8673700000000001,0.86729,1.2,1.2
19.08.2024 00:31:07.554 GMT+0200,0.8673799999999999,0.86726,1.2,2.79
19.08.2024 00:31:07.657 GMT+0200,0.8673700000000001,0.8672799999999999,1.2,1.2
19.08.2024 00:31:07.861 GMT+0200,0.8673700000000001,0.8672700000000001,1.2,2.79
19.08.2024 00:31:08.619 GMT+0200,0.86739,0.86726,1.2,2.79
19.08.2024 00:31:08.773 GMT+0200,0.8673799999999999,0.8672799999999999,1.2,1.2
19.08.2024 00:31:09.027 GMT+0200,0.8673799999999999,0.8672700000000001,1.2,2.79
19.08.2024 00:31:09.180 GMT+0200,0.8673799999999999,0.8672799999999999,1.2,1.2
19.08.2024 00:31:09.284 GMT+0200,0.8673799999999999,0.8672700000000001,1.2,2.79
19.08.2024 00:31:12.265 GMT+0200,0.8673799999999999,0.8672799999999999,1.2,1.2
19.08.2024 00:31:12.468 GMT+0200,0.8673799999999999,0.8672700000000001,1.2,2.79
19.08.2024 00:31:13.376 GMT+0200,0.8673799999999999,0.8672799999999999,1.2,1.2
19.08.2024 00:31:13.480 GMT+0200,0.8673700000000001,0.8672700000000001,1.2,1.35
19.08.2024 00:31:16.255 GMT+0200,0.8673700000000001,0.8672799999999999,1.2,1.2
19.08.2024 00:31:16.358 GMT+0200,0.8673700000000001,0.8672700000000001,1.2,1.8
19.08.2024 00:31:17.369 GMT+0200,0.8673700000000001,0.8672799999999999,1.2,1.2
19.08.2024 00:31:17.471 GMT+0200,0.8673700000000001,0.8672700000000001,1.2,1.8
19.08.2024 00:31:20.793 GMT+0200,0.8673700000000001,0.8672799999999999,1.2,1.2
19.08.2024 00:31:20.999 GMT+0200,0.8673700000000001,0.8672700000000001,1.2,1.8
19.08.2024 00:31:21.915 GMT+0200,0.8673500000000001,0.86724,1.2,2.23
19.08.2024 00:31:22.018 GMT+0200,0.86734,0.86723,1.2,5.17
19.08.2024 00:31:22.122 GMT+0200,0.86734,0.86723,1.2,3.24
19.08.2024 00:31:22.480 GMT+0200,0.8673500000000001,0.8672500000000001,1.2,1.2
19.08.2024 00:31:22.633 GMT+0200,0.8673500000000001,0.86724,1.2,1.2
19.08.2024 00:31:23.752 GMT+0200,0.8673600000000001,0.86726,1.2,1.2
19.08.2024 00:31:24.413 GMT+0200,0.8673600000000001,0.86724,1.2,3.24
19.08.2024 00:31:25.530 GMT+0200,0.8673600000000001,0.8672500000000001,1.2,1.2
19.08.2024 00:31:26.087 GMT+0200,0.8673600000000001,0.86724,1.2,2.25
19.08.2024 00:31:26.645 GMT+0200,0.8673600000000001,0.8672500000000001,1.2,1.2
19.08.2024 00:31:26.949 GMT+0200,0.8673600000000001,0.86724,1.2,2.25
19.08.2024 00:31:28.623 GMT+0200,0.8673700000000001,0.8672200000000001,1.2,3.6
19.08.2024 00:31:29.380 GMT+0200,0.8673600000000001,0.86724,1.2,1.2
19.08.2024 00:31:29.634 GMT+0200,0.8673600000000001,0.86723,1.2,4.05
19.08.2024 00:31:30.290 GMT+0200,0.8673600000000001,0.86724,1.2,1.2
19.08.2024 00:31:30.596 GMT+0200,0.8673600000000001,0.86723,1.2,2.7
19.08.2024 00:31:31.303 GMT+0200,0.8673600000000001,0.86724,1.2,1.2
19.08.2024 00:31:31.558 GMT+0200,0.8673600000000001,0.86723,1.2,2.7
19.08.2024 00:31:32.468 GMT+0200,0.8673700000000001,0.86723,1.2,1.2
19.08.2024 00:31:32.722 GMT+0200,0.8673600000000001,0.86723,1.2,2.7
19.08.2024 00:31:33.427 GMT+0200,0.8673600000000001,0.86724,1.2,1.2
19.08.2024 00:31:33.633 GMT+0200,0.8673600000000001,0.8672500000000001,1.2,1.2
19.08.2024 00:31:33.736 GMT+0200,0.8673600000000001,0.86724,1.2,2.25
19.08.2024 00:31:37.799 GMT+0200,0.8673600000000001,0.8672500000000001,1.2,1.2
19.08.2024 00:31:38.153 GMT+0200,0.8673600000000001,0.86724,1.2,2.25
19.08.2024 00:31:39.217 GMT+0200,0.8673600000000001,0.8672500000000001,1.2,1.2
19.08.2024 00:31:39.675 GMT+0200,0.8673600000000001,0.86724,1.2,2.25
19.08.2024 00:31:40.388 GMT+0200,0.8673600000000001,0.8672500000000001,1.2,1.2
19.08.2024 00:31:40.541 GMT+0200,0.8673600000000001,0.86724,1.2,2.25
19.08.2024 00:31:43.985 GMT+0200,0.8673600000000001,0.8672500000000001,1.2,1.2
19.08.2024 00:31:44.242 GMT+0200,0.8673600000000001,0.86724,1.2,2.25
19.08.2024 00:31:45.106 GMT+0200,0.8673700000000001,0.86724,1.2,1.2
19.08.2024 00:31:45.560 GMT+0200,0.8673600000000001,0.86724,1.2,2.25
19.08.2024 00:31:46.221 GMT+0200,0.8673700000000001,0.8672500000000001,1.2,2.49
19.08.2024 00:31:46.324 GMT+0200,0.8673600000000001,0.8672500000000001,1.2,1.2
19.08.2024 00:31:46.531 GMT+0200,0.8673600000000001,0.86724,1.2,2.7
19.08.2024 00:31:47.998 GMT+0200,0.8673600000000001,0.8672500000000001,1.2,1.2
19.08.2024 00:31:48.254 GMT+0200,0.8673500000000001,0.86724,1.2,2.25
19.08.2024 00:31:50.030 GMT+0200,0.8673700000000001,0.86726,1.2,1.35
19.08.2024 00:31:50.133 GMT+0200,0.8673700000000001,0.86724,1.2,2.79
19.08.2024 00:31:52.154 GMT+0200,0.8673700000000001,0.8672500000000001,1.2,1.2
19.08.2024 00:31:52.457 GMT+0200,0.8673700000000001,0.86724,1.2,2.34
19.08.2024 00:31:53.877 GMT+0200,0.8673700000000001,0.8672500000000001,1.2,1.2
19.08.2024 00:31:54.133 GMT+0200,0.8673700000000001,0.86724,1.2,2.34
19.08.2024 00:31:54.893 GMT+0200,0.86739,0.8672700000000001,1.2,1.2
19.08.2024 00:31:54.997 GMT+0200,0.8673600000000001,0.86726,1.2,1.2
19.08.2024 00:31:55.252 GMT+0200,0.8673600000000001,0.8672500000000001,1.2,1.2
19.08.2024 00:31:57.526 GMT+0200,0.8673700000000001,0.8672500000000001,1.2,1.2
19.08.2024 00:32:06.647 GMT+0200,0.8673700000000001,0.86726,1.2,1.2
19.08.2024 00:32:08.770 GMT+0200,0.86739,0.86726,1.2,1.2
19.08.2024 00:32:09.781 GMT+0200,0.8673700000000001,0.86726,1.2,1.2
19.08.2024 00:32:11.853 GMT+0200,0.8673700000000001,0.8672500000000001,1.2,1.2
19.08.2024 00:32:11.956 GMT+0200,0.8673700000000001,0.86724,1.2,1.35
19.08.2024 00:32:13.479 GMT+0200,0.8673700000000001,0.86726,1.2,1.2
19.08.2024 00:32:20.574 GMT+0200,0.8673700000000001,0.86724,1.2,1.35
19.08.2024 00:32:25.039 GMT+0200,0.86739,0.8672700000000001,1.2,1.35
19.08.2024 00:32:25.143 GMT+0200,0.8673700000000001,0.8672700000000001,1.2,1.2
19.08.2024 00:32:25.246 GMT+0200,0.8673700000000001,0.86724,1.2,1.35
19.08.2024 00:32:25.349 GMT+0200,0.8674000000000001,0.86726,1.2,3.39
19.08.2024 00:32:25.453 GMT+0200,0.8673799999999999,0.86726,1.2,1.2
19.08.2024 00:32:26.262 GMT+0200,0.8673799999999999,0.8672500000000001,1.2,1.2
19.08.2024 00:32:33.329 GMT+0200,0.86739,0.8672700000000001,1.2,1.2
19.08.2024 00:32:34.539 GMT+0200,0.8673799999999999,0.86726,1.2,1.8
19.08.2024 00:32:35.398 GMT+0200,0.8674100000000001,0.86729,1.2,1.2
19.08.2024 00:32:37.458 GMT+0200,0.8674200000000001,0.86729,1.2,1.8
19.08.2024 00:32:37.816 GMT+0200,0.8674200000000001,0.86729,1.2,1.2
19.08.2024 00:32:39.484 GMT+0200,0.8674299999999999,0.8673200000000001,1.2,1.2
19.08.2024 00:32:41.153 GMT+0200,0.8674299999999999,0.86731,1.2,1.2
19.08.2024 00:32:41.811 GMT+0200,0.8674299999999999,0.8673200000000001,1.2,1.2
19.08.2024 00:32:51.382 GMT+0200,0.86744,0.8673200000000001,1.2,1.2
19.08.2024 00:32:51.688 GMT+0200,0.8674600000000001,0.8673500000000001,1.2,1.2
19.08.2024 00:32:51.896 GMT+0200,0.8674799999999999,0.8673600000000001,1.2,1.2
19.08.2024 00:32:56.392 GMT+0200,0.8674799999999999,0.8673700000000001,1.2,1.2
19.08.2024 00:33:04.393 GMT+0200,0.86744,0.8673200000000001,1.2,1.8
19.08.2024 00:33:04.954 GMT+0200,0.8674600000000001,0.86734,1.2,1.2
19.08.2024 00:33:05.714 GMT+0200,0.86745,0.86734,1.2,1.2
19.08.2024 00:33:12.497 GMT+0200,0.86744,0.8673200000000001,1.2,1.2
19.08.2024 00:33:12.653 GMT+0200,0.8674200000000001,0.86731,1.2,1.2
19.08.2024 00:33:15.790 GMT+0200,0.86744,0.8673299999999999,1.2,1.2
19.08.2024 00:33:15.895 GMT+0200,0.8674200000000001,0.86731,1.2,1.8
19.08.2024 00:33:19.536 GMT+0200,0.8674600000000001,0.8673299999999999,1.2,1.8
19.08.2024 00:33:21.158 GMT+0200,0.8674600000000001,0.8673500000000001,1.2,1.2
19.08.2024 00:33:25.591 GMT+0200,0.8674799999999999,0.8673600000000001,1.2,1.2
19.08.2024 00:33:26.099 GMT+0200,0.86749,0.86739,1.2,1.2
19.08.2024 00:33:26.202 GMT+0200,0.86749,0.8673799999999999,1.2,1.2
19.08.2024 00:33:27.267 GMT+0200,0.8674799999999999,0.8673700000000001,1.2,1.2
19.08.2024 00:33:30.847 GMT+0200,0.8674700000000001,0.8673700000000001,1.2,1.2
19.08.2024 00:33:39.313 GMT+0200,0.8674600000000001,0.8673600000000001,1.2,1.8
19.08.2024 00:33:40.977 GMT+0200,0.8674600000000001,0.8673500000000001,1.2,1.2
19.08.2024 00:33:41.885 GMT+0200,0.8674600000000001,0.86734,1.2,1.2
19.08.2024 00:33:41.989 GMT+0200,0.86745,0.8673299999999999,1.2,1.8
19.08.2024 00:33:45.576 GMT+0200,0.8673799999999999,0.8672700000000001,1.2,1.35
19.08.2024 00:33:45.681 GMT+0200,0.8673799999999999,0.86724,1.2,1.8
19.08.2024 00:33:45.887 GMT+0200,0.8673799999999999,0.86726,1.2,1.2
19.08.2024 00:33:45.993 GMT+0200,0.8673700000000001,0.86726,1.2,1.2
19.08.2024 00:33:46.907 GMT+0200,0.86739,0.8672700000000001,1.2,1.2
19.08.2024 00:33:47.571 GMT+0200,0.8674000000000001,0.8672799999999999,1.2,1.2
19.08.2024 00:34:00.854 GMT+0200,0.8674000000000001,0.86731,1.2,1.2
19.08.2024 00:34:01.561 GMT+0200,0.8674000000000001,0.8673000000000001,1.2,1.8
19.08.2024 00:34:06.363 GMT+0200,0.86739,0.86729,1.2,1.2
19.08.2024 00:34:09.943 GMT+0200,0.8674000000000001,0.8673000000000001,1.2,1.2
19.08.2024 00:34:10.863 GMT+0200,0.8674000000000001,0.8672700000000001,1.2,2.7
19.08.2024 00:34:13.590 GMT+0200,0.8673700000000001,0.8672500000000001,1.2,2.7
19.08.2024 00:34:14.102 GMT+0200,0.8673700000000001,0.8672799999999999,1.2,1.2
19.08.2024 00:34:14.154 GMT+0200,0.8674000000000001,0.8672799999999999,1.2,2.7
19.08.2024 00:34:16.692 GMT+0200,0.8673799999999999,0.8672700000000001,1.2,1.35
19.08.2024 00:34:16.795 GMT+0200,0.8673799999999999,0.86726,1.2,1.2
19.08.2024 00:34:17.254 GMT+0200,0.86739,0.8672700000000001,1.2,3.15
19.08.2024 00:34:18.869 GMT+0200,0.8674000000000001,0.8672799999999999,1.2,1.8
19.08.2024 00:34:26.133 GMT+0200,0.8674100000000001,0.86729,1.2,1.2
19.08.2024 00:34:26.237 GMT+0200,0.8674200000000001,0.86729,1.2,1.8
19.08.2024 00:34:26.850 GMT+0200,0.8674299999999999,0.8673200000000001,1.2,1.2
19.08.2024 00:34:26.904 GMT+0200,0.8674600000000001,0.86734,1.2,1.35
19.08.2024 00:34:27.812 GMT+0200,0.8674600000000001,0.8673299999999999,1.2,1.2
19.08.2024 00:34:27.916 GMT+0200,0.86744,0.8673200000000001,1.2,2.7
19.08.2024 00:34:33.866 GMT+0200,0.8674000000000001,0.8672799999999999,1.2,1.78
19.08.2024 00:34:33.920 GMT+0200,0.86739,0.86724,1.2,3.69
19.08.2024 00:34:35.844 GMT+0200,0.8673799999999999,0.86726,1.2,1.2
19.08.2024 00:34:35.948 GMT+0200,0.8673799999999999,0.8672500000000001,1.2,1.8
19.08.2024 00:34:37.266 GMT+0200,0.8674000000000001,0.8672799999999999,1.2,2.7
19.08.2024 00:34:46.463 GMT+0200,0.8674000000000001,0.8672700000000001,1.2,1.2
19.08.2024 00:34:46.567 GMT+0200,0.8673799999999999,0.86726,1.2,1.8
19.08.2024 00:34:47.226 GMT+0200,0.8674000000000001,0.8672700000000001,1.2,1.2
19.08.2024 00:34:47.279 GMT+0200,0.8674100000000001,0.86729,1.2,1.2
19.08.2024 00:34:50.516 GMT+0200,0.8674299999999999,0.86731,1.2,1.8
19.08.2024 00:35:07.577 GMT+0200,0.86745,0.8673200000000001,1.2,1.8
19.08.2024 00:35:07.885 GMT+0200,0.86745,0.8673200000000001,1.2,1.2
19.08.2024 00:35:09.856 GMT+0200,0.8674200000000001,0.86731,1.2,1.2
19.08.2024 00:35:10.317 GMT+0200,0.8674299999999999,0.8673200000000001,1.2,1.2
19.08.2024 00:35:10.370 GMT+0200,0.8674100000000001,0.86729,1.2,1.2
19.08.2024 00:35:15.062 GMT+0200,0.8674299999999999,0.86731,1.2,2.7
19.08.2024 00:35:23.889 GMT+0200,0.8674200000000001,0.86731,1.2,3.15
19.08.2024 00:35:24.300 GMT+0200,0.8674299999999999,0.86731,1.2,3.15
19.08.2024 00:35:27.524 GMT+0200,0.86745,0.8673299999999999,1.2,1.2
19.08.2024 00:35:27.628 GMT+0200,0.86744,0.8673200000000001,1.2,1.8
19.08.2024 00:35:30.349 GMT+0200,0.8674299999999999,0.8673200000000001,1.2,1.2
19.08.2024 00:35:31.569 GMT+0200,0.86744,0.8673200000000001,1.2,1.2
19.08.2024 00:35:32.682 GMT+0200,0.8674100000000001,0.86729,1.2,1.35
19.08.2024 00:35:37.840 GMT+0200,0.86744,0.86729,1.2,1.2
19.08.2024 00:35:38.250 GMT+0200,0.8674100000000001,0.8673000000000001,1.2,1.2
19.08.2024 00:35:39.012 GMT+0200,0.8674000000000001,0.8673000000000001,1.2,1.2
19.08.2024 00:35:46.373 GMT+0200,0.8674100000000001,0.8672799999999999,1.2,1.2
19.08.2024 00:35:47.642 GMT+0200,0.8674200000000001,0.86731,1.2,1.2
19.08.2024 00:35:47.746 GMT+0200,0.8674299999999999,0.86731,1.2,1.2
19.08.2024 00:35:47.849 GMT+0200,0.8674000000000001,0.8673000000000001,1.2,1.2
19.08.2024 00:36:01.623 GMT+0200,0.8674100000000001,0.86729,1.2,1.2
19.08.2024 00:36:04.170 GMT+0200,0.8674000000000001,0.86729,1.2,1.2
19.08.2024 00:36:18.265 GMT+0200,0.8674200000000001,0.86731,1.2,1.8
19.08.2024 00:36:18.369 GMT+0200,0.8674100000000001,0.86731,1.2,1.2
19.08.2024 00:36:18.574 GMT+0200,0.8674100000000001,0.8673000000000001,1.2,1.2
19.08.2024 00:36:20.296 GMT+0200,0.8674200000000001,0.8673000000000001,1.2,1.35
19.08.2024 00:36:20.450 GMT+0200,0.8674200000000001,0.86731,1.2,1.2
19.08.2024 00:36:21.721 GMT+0200,0.8674299999999999,0.8673299999999999,1.2,1.35
19.08.2024 00:36:22.077 GMT+0200,0.8674299999999999,0.8673200000000001,1.2,1.2
19.08.2024 00:36:22.538 GMT+0200,0.8674100000000001,0.86729,1.2,2.68
19.08.2024 00:36:22.591 GMT+0200,0.8673700000000001,0.86726,1.2,1.8
19.08.2024 00:36:22.696 GMT+0200,0.8673799999999999,0.86726,1.2,1.2
19.08.2024 00:36:23.052 GMT+0200,0.8673799999999999,0.86724,1.2,1.2
19.08.2024 00:36:24.322 GMT+0200,0.8673600000000001,0.8672500000000001,1.2,1.2
19.08.2024 00:36:25.182 GMT+0200,0.8673600000000001,0.8672700000000001,1.2,1.2
19.08.2024 00:36:26.294 GMT+0200,0.8673600000000001,0.8672500000000001,1.2,1.2
19.08.2024 00:36:37.907 GMT+0200,0.8673700000000001,0.8672500000000001,1.2,1.2
19.08.2024 00:36:38.214 GMT+0200,0.86739,0.86726,1.2,1.2
19.08.2024 00:36:38.874 GMT+0200,0.8673600000000001,0.86726,1.2,1.2
19.08.2024 00:36:39.028 GMT+0200,0.8673600000000001,0.8672500000000001,1.2,1.2
19.08.2024 00:36:40.139 GMT+0200,0.8673700000000001,0.8672500000000001,1.2,1.8
19.08.2024 00:36:40.242 GMT+0200,0.8673799999999999,0.8672500000000001,1.2,1.8
19.08.2024 00:36:40.496 GMT+0200,0.8673600000000001,0.8672500000000001,1.2,1.35
19.08.2024 00:36:41.560 GMT+0200,0.8673700000000001,0.86726,1.2,1.2
19.08.2024 00:36:42.019 GMT+0200,0.8673700000000001,0.8672500000000001,1.2,1.2
19.08.2024 00:36:42.980 GMT+0200,0.8673700000000001,0.86726,1.2,1.2
19.08.2024 00:36:50.555 GMT+0200,0.86739,0.86726,1.2,1.8
19.08.2024 00:36:54.741 GMT+0200,0.8673799999999999,0.86726,1.2,2.25
19.08.2024 00:36:55.046 GMT+0200,0.86739,0.86726,1.2,1.8
19.08.2024 00:36:55.149 GMT+0200,0.86739,0.8672700000000001,1.2,1.2
19.08.2024 00:36:55.202 GMT+0200,0.8674100000000001,0.86729,1.2,2.25
19.08.2024 00:36:55.510 GMT+0200,0.8674100000000001,0.8672799999999999,1.2,1.8
19.08.2024 00:36:56.826 GMT+0200,0.8674100000000001,0.8672700000000001,1.2,1.8
19.08.2024 00:36:57.182 GMT+0200,0.8674000000000001,0.86729,1.2,1.2
19.08.2024 00:36:57.438 GMT+0200,0.8674100000000001,0.86729,1.2,1.35
19.08.2024 00:36:57.541 GMT+0200,0.8674100000000001,0.8672799999999999,1.2,3.6
19.08.2024 00:36:57.644 GMT+0200,0.8674000000000001,0.8672799999999999,1.2,2.25
19.08.2024 00:37:00.070 GMT+0200,0.8674100000000001,0.86726,1.2,4.59
19.08.2024 00:37:00.277 GMT+0200,0.8673600000000001,0.8672700000000001,1.2,1.2
19.08.2024 00:37:00.381 GMT+0200,0.8673500000000001,0.86723,1.2,2.4
19.08.2024 00:37:00.484 GMT+0200,0.8673500000000001,0.86723,1.2,2.25
19.08.2024 00:37:00.586 GMT+0200,0.8673500000000001,0.8672500000000001,1.2,1.2
19.08.2024 00:37:00.894 GMT+0200,0.8673700000000001,0.86726,1.2,1.8
19.08.2024 00:37:00.998 GMT+0200,0.8673700000000001,0.86726,1.2,1.8
19.08.2024 00:37:09.713 GMT+0200,0.8673500000000001,0.86726,1.2,1.2
19.08.2024 00:37:14.364 GMT+0200,0.8673500000000001,0.86724,1.2,1.35
19.08.2024 00:37:14.468 GMT+0200,0.8673500000000001,0.8672500000000001,1.2,1.2
19.08.2024 00:37:16.880 GMT+0200,0.8673600000000001,0.8672500000000001,1.2,1.2
19.08.2024 00:37:17.085 GMT+0200,0.8673700000000001,0.8672500000000001,1.2,1.2
19.08.2024 00:37:17.389 GMT+0200,0.8673600000000001,0.8672500000000001,1.2,1.2
19.08.2024 00:37:17.543 GMT+0200,0.8673700000000001,0.8672500000000001,1.2,1.2
19.08.2024 00:37:18.404 GMT+0200,0.8673600000000001,0.8672500000000001,1.2,1.2
19.08.2024 00:37:18.557 GMT+0200,0.8673700000000001,0.8672500000000001,1.2,1.2
19.08.2024 00:37:19.066 GMT+0200,0.8673799999999999,0.8672700000000001,1.2,1.35
19.08.2024 00:37:19.170 GMT+0200,0.8673500000000001,0.86726,1.2,1.2
19.08.2024 00:37:23.716 GMT+0200,0.8673700000000001,0.86726,1.2,1.2
19.08.2024 00:37:26.799 GMT+0200,0.86739,0.8672700000000001,1.2,1.2
19.08.2024 00:37:26.851 GMT+0200,0.8674100000000001,0.8672799999999999,1.2,1.2
19.08.2024 00:37:27.308 GMT+0200,0.8674200000000001,0.86726,1.2,3.69
19.08.2024 00:37:27.862 GMT+0200,0.8674100000000001,0.8672799999999999,1.2,1.2
19.08.2024 00:37:28.519 GMT+0200,0.8674100000000001,0.8672700000000001,1.2,3.69
19.08.2024 00:37:28.672 GMT+0200,0.8674100000000001,0.8673000000000001,1.2,1.2
19.08.2024 00:37:28.776 GMT+0200,0.8674000000000001,0.8673000000000001,1.2,1.2
19.08.2024 00:37:28.881 GMT+0200,0.86739,0.86729,1.2,1.2
19.08.2024 00:37:31.715 GMT+0200,0.8674000000000001,0.8672700000000001,1.2,1.2
19.08.2024 00:37:31.819 GMT+0200,0.8673799999999999,0.8672500000000001,1.2,1.2
19.08.2024 00:37:32.127 GMT+0200,0.8673799999999999,0.8672799999999999,1.2,1.8
19.08.2024 00:37:32.231 GMT+0200,0.86739,0.8672799999999999,1.2,1.8
19.08.2024 00:37:39.313 GMT+0200,0.8674000000000001,0.8673000000000001,1.2,1.2
19.08.2024 00:37:39.922 GMT+0200,0.8674000000000001,0.86729,1.2,1.2
19.08.2024 00:37:42.704 GMT+0200,0.8673600000000001,0.8672799999999999,1.2,1.2
19.08.2024 00:37:42.757 GMT+0200,0.8673600000000001,0.8672500000000001,1.2,1.35
19.08.2024 00:37:42.861 GMT+0200,0.8673500000000001,0.86723,1.2,3.84
19.08.2024 00:37:43.117 GMT+0200,0.8673799999999999,0.8672500000000001,1.2,1.2
19.08.2024 00:37:43.323 GMT+0200,0.8673500000000001,0.86726,1.2,1.2
19.08.2024 00:37:43.427 GMT+0200,0.8673500000000001,0.86724,1.2,1.35
19.08.2024 00:37:44.291 GMT+0200,0.8673500000000001,0.8672500000000001,1.2,1.2
19.08.2024 00:37:44.797 GMT+0200,0.8673500000000001,0.86724,1.2,1.35
19.08.2024 00:37:48.360 GMT+0200,0.8673500000000001,0.8672500000000001,1.2,1.2
19.08.2024 00:37:48.615 GMT+0200,0.8673500000000001,0.86724,1.2,1.35
19.08.2024 00:37:51.454 GMT+0200,0.8673600000000001,0.86724,1.2,1.35
19.08.2024 00:37:53.622 GMT+0200,0.8673600000000001,0.8672500000000001,1.2,1.2
19.08.2024 00:37:53.726 GMT+0200,0.8673700000000001,0.86726,1.2,1.2
19.08.2024 00:37:53.829 GMT+0200,0.8673600000000001,0.86726,1.2,1.2
19.08.2024 00:38:00.131 GMT+0200,0.8673600000000001,0.86724,1.2,1.35
19.08.2024 00:38:02.454 GMT+0200,0.8673500000000001,0.86724,1.2,1.35
19.08.2024 00:38:05.084 GMT+0200,0.8673500000000001,0.8672500000000001,1.2,1.2
19.08.2024 00:38:05.438 GMT+0200,0.8673500000000001,0.86724,1.2,1.8
19.08.2024 00:38:06.094 GMT+0200,0.8673500000000001,0.8672500000000001,1.2,1.2
19.08.2024 00:38:06.449 GMT+0200,0.8673500000000001,0.86724,1.2,1.8
19.08.2024 00:38:07.155 GMT+0200,0.8673500000000001,0.8672500000000001,1.2,1.2
19.08.2024 00:38:07.511 GMT+0200,0.8673500000000001,0.86724,1.2,1.8
19.08.2024 00:38:08.166 GMT+0200,0.8673500000000001,0.8672500000000001,1.2,1.2
19.08.2024 00:38:08.470 GMT+0200,0.8673500000000001,0.86724,1.2,1.8
19.08.2024 00:38:09.228 GMT+0200,0.8673500000000001,0.8672500000000001,1.2,1.2
19.08.2024 00:38:09.582 GMT+0200,0.8673500000000001,0.86724,1.2,1.8
19.08.2024 00:38:09.836 GMT+0200,0.8673799999999999,0.8672500000000001,1.2,1.2
19.08.2024 00:38:10.500 GMT+0200,0.8673799999999999,0.8672700000000001,1.2,1.32
19.08.2024 00:38:10.604 GMT+0200,0.8673700000000001,0.86726,1.2,1.2
19.08.2024 00:38:11.313 GMT+0200,0.8673700000000001,0.8672500000000001,1.2,1.8
19.08.2024 00:38:11.417 GMT+0200,0.8673500000000001,0.86724,1.2,2.25
19.08.2024 00:38:12.429 GMT+0200,0.8673500000000001,0.8672500000000001,1.2,1.2
19.08.2024 00:38:12.683 GMT+0200,0.8673500000000001,0.86724,1.2,2.25
19.08.2024 00:38:13.339 GMT+0200,0.8673600000000001,0.86724,1.2,1.2
19.08.2024 00:38:13.592 GMT+0200,0.8673500000000001,0.86724,1.2,2.25
